timestamp,sequence,exchange_timestamp,bid_price_0,bid_size_0,ask_price_0,ask_size_0,bid_price_1,bid_size_1,ask_price_1,ask_size_1,bid_price_2,bid_size_2,ask_price_2,ask_size_2,bid_price_3,bid_size_3,ask_price_3,ask_size_3,bid_price_4,bid_size_4,ask_price_4,ask_size_4,bid_price_5,bid_size_5,ask_price_5,ask_size_5,bid_price_6,bid_size_6,ask_price_6,ask_size_6,bid_price_7,bid_size_7,ask_price_7,ask_size_7,bid_price_8,bid_size_8,ask_price_8,ask_size_8,bid_price_9,bid_size_9,ask_price_9,ask_size_9,bid_price_10,bid_size_10,ask_price_10,ask_size_10,bid_price_11,bid_size_11,ask_price_11,ask_size_11,bid_price_12,bid_size_12,ask_price_12,ask_size_12,bid_price_13,bid_size_13,ask_price_13,ask_size_13,bid_price_14,bid_size_14,ask_price_14,ask_size_14,bid_price_15,bid_size_15,ask_price_15,ask_size_15,bid_price_16,bid_size_16,ask_price_16,ask_size_16,bid_price_17,bid_size_17,ask_price_17,ask_size_17,bid_price_18,bid_size_18,ask_price_18,ask_size_18,bid_price_19,bid_size_19,ask_price_19,ask_size_19
1756903691.2486422,26902446640,1756903691108,111265.9,0.000477,111266.0,2.412392,111265.3,0.0036,111266.1,0.297209,111265.1,0.01,111266.7,0.0054,111260.0,0.092653,111267.8,0.001381,111259.2,0.179731,111267.9,0.055781,111259.1,0.896746,111269.2,0.096542,111256.9,0.004499,111269.3,0.184127,111255.3,0.026838,111269.4,0.896746,111255.2,0.11175,111269.6,0.01797,111255.1,0.184127,111269.8,0.000895,111255.0,0.900746,111270.6,0.005399,111254.8,0.006227,111271.5,0.001348,111253.2,0.209218,111271.6,0.004227,111253.0,0.004227,111271.8,0.10784,111252.0,0.004227,111272.2,0.195279,111251.3,0.896746,111272.8,1.089473,111251.0,0.004227,111272.9,0.12238,111250.8,0.001348,111273.0,0.008627,111250.6,0.184127,111274.0,0.094097,111249.7,0.603771,111274.8,0.000898
1756903691.351493,26902446673,1756903691212,111265.9,0.003155,111266.0,2.431318,111265.3,0.0036,111266.1,0.297209,111265.1,0.01,111266.7,0.0054,111260.0,0.092653,111267.8,0.001381,111259.2,0.179731,111267.9,0.055781,111259.1,0.896746,111269.2,0.096542,111256.9,0.004499,111269.3,0.184127,111255.3,0.026838,111269.4,0.896746,111255.2,0.11175,111269.8,0.000895,111255.1,0.184127,111270.6,0.005399,111255.0,0.900746,111271.5,0.001348,111254.8,0.006227,111271.6,0.004227,111254.3,0.00014,111271.8,0.08987,111253.2,0.209218,111272.2,0.195279,111253.0,0.004227,111272.8,1.089473,111252.0,0.004227,111272.9,0.12238,111251.3,0.896746,111273.0,0.008627,111251.0,0.004227,111274.0,0.094097,111250.8,0.001348,111274.8,0.000898,111250.6,0.184127,111275.0,0.004227
1756903691.455594,26902446709,1756903691314,111265.9,0.047491,111266.0,2.431318,111265.3,0.0036,111266.1,0.297209,111265.1,0.01,111266.7,0.0054,111260.1,0.179731,111267.2,0.01797,111260.0,0.092653,111267.8,0.001381,111259.1,0.896746,111267.9,0.055781,111256.9,0.004499,111269.2,0.096542,111255.3,0.026838,111269.3,0.184127,111255.2,0.11175,111269.4,0.914716,111255.1,0.184127,111269.8,0.000895,111255.0,0.900746,111270.6,0.005399,111254.8,0.006227,111271.5,0.001348,111254.7,0.041341,111271.6,0.004227,111254.3,0.00014,111271.8,0.08987,111253.2,0.209218,111272.2,0.195279,111253.0,0.004227,111272.8,1.089473,111252.0,0.004227,111272.9,0.12238,111251.3,0.896746,111273.0,0.008627,111251.0,0.004227,111273.9,0.02696,111250.8,0.001348,111274.0,0.094097
1756903691.553883,26902446730,1756903691414,111265.9,0.059489,111266.0,2.431318,111265.3,0.0036,111266.1,0.297209,111265.1,0.01,111266.7,0.0054,111260.2,0.091116,111267.2,0.01797,111260.1,0.179731,111267.8,0.001381,111260.0,0.092653,111267.9,0.055781,111259.1,0.896746,111269.2,0.096542,111256.9,0.004499,111269.3,0.184127,111255.3,0.026838,111269.4,0.914716,111255.2,0.177794,111269.8,0.000895,111255.1,0.184127,111270.6,0.005399,111255.0,0.900746,111271.5,0.001348,111254.8,0.006227,111271.6,0.004227,111254.7,0.041341,111271.8,0.08987,111254.3,0.00014,111272.2,0.195279,111253.2,0.209218,111272.8,1.089473,111253.0,0.004227,111272.9,0.12238,111252.0,0.004227,111273.0,0.008627,111251.3,0.896746,111273.9,0.02696,111251.0,0.004227,111274.0,0.094097
1756903691.6876845,26902446743,1756903691548,111265.9,0.047491,111266.0,2.431318,111265.3,0.0036,111266.1,0.297209,111265.1,0.01,111266.7,0.0054,111260.2,0.091116,111267.2,0.01797,111260.1,0.179731,111267.8,0.001381,111260.0,0.092653,111267.9,0.055781,111259.1,0.896746,111269.2,0.096542,111256.9,0.004499,111269.3,0.184127,111255.3,0.026838,111269.4,0.914716,111255.2,0.177794,111269.8,0.000895,111255.1,0.184127,111270.6,0.005399,111255.0,0.900746,111271.5,0.001348,111254.8,0.006227,111271.6,0.004227,111254.7,0.041341,111271.8,0.08987,111254.3,0.00014,111272.2,0.195279,111253.2,0.209218,111272.8,1.089473,111253.0,0.004227,111272.9,0.12238,111252.0,0.004227,111273.0,0.008627,111251.3,0.896746,111273.9,0.02696,111251.0,0.004227,111274.0,0.094097
1756903691.7924254,26902446811,1756903691655,111265.9,0.059489,111266.0,2.412392,111265.3,0.0036,111266.1,0.297209,111265.1,0.01,111266.7,0.0054,111260.4,0.056318,111267.2,0.01797,111260.3,0.179731,111267.8,0.001381,111260.0,0.092653,111267.9,0.03237,111259.1,0.896746,111269.2,0.096542,111256.9,0.004499,111269.3,0.184127,111255.3,0.026838,111269.4,0.914716,111255.2,0.177794,111269.8,0.000895,111255.1,0.184127,111270.6,0.005399,111255.0,0.900746,111271.5,0.001348,111254.9,0.004227,111271.6,0.004227,111254.8,0.002,111271.8,0.08987,111254.7,0.041341,111272.2,0.195279,111254.3,0.00014,111272.8,1.089473,111253.2,0.209218,111272.9,0.12238,111253.0,0.004227,111273.0,0.008627,111252.0,0.004227,111274.0,0.094097,111251.3,0.896746,111274.8,0.000898
1756903691.9507394,26902446861,1756903691811,111265.9,0.059489,111266.0,2.425321,111265.3,0.0036,111266.1,0.297209,111265.1,0.01,111266.7,0.0054,111260.4,0.084077,111267.2,0.01797,111260.1,0.179731,111267.8,0.001381,111260.0,0.092653,111267.9,0.03237,111259.1,0.896746,111269.1,0.084458,111256.9,0.004499,111269.2,0.096542,111255.3,0.026838,111269.3,0.184127,111255.2,0.177794,111269.4,0.914716,111255.1,0.184127,111269.8,0.000895,111255.0,0.900746,111270.6,0.005399,111254.9,0.004227,111271.5,0.001348,111254.8,0.002,111271.6,0.004227,111254.7,0.041341,111271.8,0.08987,111254.3,0.00014,111272.2,0.195279,111254.0,0.004227,111272.8,1.089473,111253.2,0.209218,111272.9,0.12238,111253.0,0.004227,111273.0,0.008627,111252.0,0.004227,111274.0,0.094097
1756903692.0561798,26902446873,1756903691915,111265.9,0.059508,111266.0,2.425321,111265.3,0.0036,111266.1,0.297209,111265.1,0.01,111266.7,0.0054,111260.4,0.027759,111267.2,0.01797,111260.1,0.179727,111267.8,0.001381,111260.0,0.092653,111267.9,0.03237,111259.1,0.896746,111269.1,0.084458,111256.9,0.004499,111269.2,0.096542,111255.3,0.026838,111269.3,0.184127,111255.2,0.177794,111269.4,0.914716,111255.1,0.184127,111269.8,0.000895,111255.0,0.900746,111270.6,0.005399,111254.9,0.004227,111271.5,0.001348,111254.8,0.002,111271.6,0.004227,111254.7,0.041341,111271.8,0.08987,111254.3,0.00014,111272.2,0.195279,111254.0,0.004227,111272.8,1.089473,111253.2,0.209218,111272.9,0.12238,111253.0,0.004227,111273.0,0.008627,111252.0,0.004227,111274.0,0.094097
1756903692.1573038,26902446891,1756903692016,111265.9,0.071506,111266.0,2.406395,111265.3,0.0036,111266.1,0.297209,111265.1,0.01,111266.7,0.0054,111260.4,0.087645,111267.2,0.01797,111260.0,0.092653,111267.8,0.001381,111259.2,0.179727,111267.9,0.03237,111259.1,0.896746,111269.1,0.084458,111256.9,0.004499,111269.2,0.096542,111255.3,0.026838,111269.3,0.184127,111255.2,0.177794,111269.4,0.914716,111255.1,0.184127,111269.8,0.000895,111255.0,0.900746,111270.6,0.005399,111254.9,0.004227,111271.5,0.001348,111254.8,0.002,111271.6,0.004227,111254.7,0.041341,111271.8,0.08987,111254.3,0.0001,111272.2,0.195279,111254.0,0.004227,111272.8,1.089473,111253.2,0.209218,111272.9,0.12238,111253.0,0.004227,111273.0,0.008627,111252.0,0.004227,111274.0,0.094097
1756903692.2578986,26902446989,1756903692118,111265.9,0.113296,111266.0,2.406395,111265.3,0.0036,111266.1,0.087989,111265.1,0.01,111266.7,0.0054,111260.5,0.179727,111267.2,0.01797,111260.4,0.087645,111267.8,0.001381,111260.0,0.092653,111267.9,0.03237,111259.1,0.896746,111269.1,0.084458,111256.9,0.004499,111269.2,0.096542,111255.3,0.026838,111269.3,0.184127,111255.2,0.177794,111269.4,0.914716,111255.1,0.184127,111269.8,0.000895,111255.0,0.900746,111270.6,0.005399,111254.9,0.004227,111271.5,0.001348,111254.8,0.002,111271.6,0.004227,111254.7,0.041341,111271.8,0.08987,111254.4,4e-05,111272.2,0.195279,111254.0,0.004227,111272.8,1.089473,111253.2,0.209218,111272.9,0.12238,111253.0,0.004227,111273.0,0.008627,111252.0,0.004227,111274.0,0.094097
1756903692.3937402,26902447006,1756903692251,111265.9,0.113296,111266.0,2.61561,111265.3,0.0036,111266.1,0.087989,111265.1,0.01,111266.7,0.0054,111260.6,0.091115,111267.2,0.01797,111260.5,0.179727,111267.8,0.001381,111260.0,0.092653,111267.9,0.03237,111259.1,0.896746,111269.1,0.084458,111256.9,0.004499,111269.2,0.096542,111255.3,0.026838,111269.3,0.184127,111255.2,0.177794,111269.4,0.914716,111255.1,0.184127,111269.8,0.000895,111255.0,0.900746,111270.6,0.005399,111254.9,0.004227,111271.5,0.001348,111254.8,0.002,111271.6,0.004227,111254.7,0.041341,111271.8,0.08987,111254.4,0.00014,111272.2,0.195279,111254.0,0.004227,111272.8,1.089473,111253.2,0.209218,111272.9,0.12238,111253.0,0.004227,111273.0,0.008627,111252.0,0.004227,111274.0,0.094097
1756903692.5247164,26902447027,1756903692383,111265.9,0.113296,111266.0,2.61561,111265.3,0.0036,111266.1,0.087989,111265.1,0.01,111266.7,0.0054,111260.6,0.091115,111267.2,0.01797,111260.5,0.179727,111267.8,0.001381,111260.0,0.092653,111267.9,0.03237,111259.1,0.896746,111269.1,0.084458,111256.9,0.004499,111269.2,0.096542,111255.3,0.026838,111269.3,0.184127,111255.2,0.177794,111269.4,0.914716,111255.1,0.184127,111269.8,0.000895,111255.0,0.900746,111270.6,0.005399,111254.9,0.004227,111271.5,0.001348,111254.8,0.002,111271.6,0.004227,111254.7,0.041341,111271.8,0.08987,111254.4,0.00014,111272.2,0.195279,111254.0,0.004227,111272.8,1.089473,111253.2,0.209218,111272.9,0.12238,111253.0,0.004227,111273.0,0.008627,111252.0,0.004227,111274.0,0.094097
1756903692.6336558,26902447077,1756903692490,111265.9,0.071027,111266.0,2.226635,111265.3,0.0036,111266.1,0.087989,111265.1,0.010453,111266.7,0.0054,111260.7,0.179727,111267.8,0.001381,111260.0,0.092653,111267.9,0.03237,111256.9,0.004499,111269.1,0.084458,111255.3,0.026838,111269.2,0.058799,111255.2,0.177794,111269.3,0.184127,111255.1,0.184127,111269.4,0.896746,111255.0,0.900746,111269.8,0.000895,111254.9,0.004227,111270.6,0.005399,111254.8,0.002,111271.5,0.001348,111254.7,0.041341,111271.6,0.004227,111254.4,0.00014,111272.2,0.195279,111254.0,0.004227,111272.8,1.089473,111253.2,0.209218,111272.9,0.12238,111253.0,0.004227,111273.0,0.008627,111252.0,0.004227,111274.0,0.004227,111251.3,0.896746,111274.8,0.000898,111250.8,0.001348,111274.9,0.02696
1756903692.7340493,26902447142,1756903692594,111265.9,0.071027,111266.0,2.454779,111265.3,0.0036,111266.1,0.087989,111265.1,0.010453,111266.7,0.0054,111262.6,0.000481,111267.2,0.01797,111260.9,0.053917,111267.8,0.001381,111260.8,0.179723,111267.9,0.03237,111260.1,0.037197,111269.1,0.084458,111260.0,0.092653,111269.2,0.058799,111256.9,0.004499,111269.3,0.184127,111255.3,0.026838,111269.4,0.914716,111255.2,0.177794,111269.8,0.000895,111255.1,0.184127,111270.6,0.005399,111255.0,0.900746,111271.5,0.001348,111254.9,0.004227,111271.6,0.004227,111254.8,0.002,111272.2,0.195279,111254.7,0.041341,111272.7,0.02696,111254.4,0.00014,111272.8,1.089473,111254.0,0.004227,111272.9,0.12238,111253.2,0.209218,111273.0,0.008627,111253.0,0.004227,111274.0,0.004227
1756903692.850902,26902447173,1756903692708,111265.9,0.071027,111266.0,2.615613,111265.3,0.0036,111266.1,0.087989,111265.1,0.010453,111266.7,0.0054,111262.6,0.000481,111267.2,0.01797,111261.1,0.053917,111267.8,0.001381,111261.0,0.179723,111267.9,0.03237,111260.1,0.037197,111269.0,0.111097,111260.0,0.092653,111269.1,0.084458,111256.9,0.004499,111269.3,0.184127,111255.3,0.026838,111269.4,0.914716,111255.2,0.177794,111269.8,0.000895,111255.1,0.184127,111270.6,0.005399,111255.0,0.900746,111271.5,0.001348,111254.9,0.004227,111271.6,0.004227,111254.8,0.002,111271.8,0.08987,111254.7,0.041341,111272.2,0.195279,111254.4,0.00014,111272.7,0.02696,111254.0,0.004227,111272.8,1.089473,111253.2,0.209218,111272.9,0.12238,111253.0,0.004227,111273.0,0.008627
1756903692.9558647,26902447229,1756903692808,111265.9,0.071027,111266.0,2.634539,111265.3,0.0036,111266.1,0.087989,111265.1,0.010453,111266.7,0.0054,111262.6,0.000481,111267.2,0.01797,111260.3,0.091114,111267.8,0.001381,111260.0,0.092653,111267.9,0.03237,111256.9,0.004499,111269.0,0.111097,111255.3,0.026838,111269.1,0.084458,111255.2,0.177794,111269.3,0.184127,111255.1,0.184127,111269.4,0.914716,111255.0,0.900746,111269.8,0.000895,111254.9,0.004227,111270.6,0.005399,111254.8,0.002,111271.5,0.001348,111254.7,0.041341,111271.6,0.004227,111254.4,0.00014,111271.8,0.08987,111254.0,0.004227,111272.2,0.195279,111253.2,0.209218,111272.8,1.089473,111253.0,0.004227,111272.9,0.12238,111252.0,0.004227,111273.0,0.008627,111251.3,0.896746,111273.3,0.005997
1756903693.0556443,26902447254,1756903692918,111265.9,0.059029,111266.0,2.634539,111265.3,0.0036,111266.1,0.087989,111265.1,0.010453,111266.7,0.0054,111262.6,0.000481,111267.2,0.01797,111261.2,0.053917,111267.8,0.001381,111260.4,0.179723,111267.9,0.03237,111260.3,0.037197,111269.0,0.111097,111260.0,0.092653,111269.1,0.084458,111256.9,0.004499,111269.3,0.184127,111255.3,0.026838,111269.4,0.914716,111255.2,0.177794,111269.8,0.000895,111255.1,0.184127,111270.6,0.005399,111255.0,0.900746,111271.5,0.001348,111254.8,0.006227,111271.6,0.004227,111254.7,0.041341,111271.8,0.08987,111254.4,0.00014,111272.1,0.02696,111253.2,0.209218,111272.2,0.195279,111253.0,0.004227,111272.8,1.089473,111252.0,0.004227,111272.9,0.12238,111251.3,0.896746,111273.0,0.008627
1756903693.166746,26902447282,1756903693027,111265.9,0.059029,111266.0,2.634539,111265.3,0.0036,111266.1,0.087989,111265.1,0.010531,111266.7,0.0054,111262.6,0.000481,111267.2,0.01797,111260.5,0.091114,111267.8,0.001381,111260.4,0.179723,111267.9,0.03237,111260.0,0.092653,111269.0,0.111097,111256.9,0.004499,111269.1,0.084458,111255.3,0.026838,111269.3,0.184127,111255.2,0.177794,111269.4,0.914716,111255.1,0.184127,111269.8,0.000895,111255.0,0.900746,111270.6,0.005399,111254.8,0.006227,111271.5,0.001348,111254.7,0.041341,111271.6,0.004227,111253.2,0.209218,111271.8,0.08987,111253.0,0.004227,111272.1,0.02696,111252.0,0.004227,111272.2,0.195279,111251.3,0.896746,111272.8,1.089473,111250.8,0.001348,111272.9,0.12238,111250.6,0.184127,111273.0,0.008627
1756903693.3197813,26902447370,1756903693175,111265.9,0.059029,111266.0,2.615613,111265.3,0.0036,111266.1,0.038828,111265.1,0.010531,111266.7,0.0054,111262.6,0.000481,111267.2,0.01797,111260.5,0.091114,111267.8,0.001381,111260.4,0.179723,111267.9,0.03237,111260.0,0.092653,111269.0,0.111097,111256.9,0.004499,111269.1,0.084458,111255.3,0.026838,111269.3,0.184127,111255.2,0.177794,111269.4,0.914716,111255.1,0.184127,111269.8,0.000895,111255.0,0.900746,111270.6,0.005399,111254.8,0.006227,111271.5,0.001348,111254.7,0.041341,111271.6,0.004227,111253.2,0.209218,111271.8,0.08987,111253.0,0.004227,111272.2,0.195279,111252.0,0.004227,111272.8,1.089473,111251.3,0.896746,111272.9,0.12238,111250.8,0.001348,111273.0,0.008627,111250.6,0.184127,111273.3,0.005997
1756903693.4171662,26902447392,1756903693277,111265.9,0.071027,111266.0,2.615613,111265.3,0.0036,111266.1,0.038828,111265.1,0.010531,111266.7,0.0054,111262.6,0.000481,111267.2,0.01797,111260.5,0.091114,111267.8,0.001381,111260.1,0.179723,111267.9,0.03237,111260.0,0.092653,111268.9,0.046954,111256.9,0.004499,111269.0,0.111097,111255.3,0.026838,111269.1,0.084458,111255.2,0.177794,111269.3,0.184127,111255.1,0.184127,111269.4,0.914716,111255.0,0.900746,111269.8,0.000895,111254.9,0.004227,111270.6,0.005399,111254.8,0.002,111271.5,0.001348,111254.7,0.041341,111271.6,0.004227,111254.4,0.00014,111271.8,0.08987,111253.2,0.209218,111272.2,0.195279,111253.0,0.004227,111272.8,1.089473,111252.0,0.004227,111272.9,0.12238,111251.3,0.896746,111273.0,0.008627
1756903693.5359955,26902447415,1756903693393,111265.9,0.071027,111266.0,2.634539,111265.3,0.0036,111266.1,0.038828,111265.1,0.010531,111266.7,0.0054,111262.6,0.000481,111267.2,0.01797,111260.5,0.091114,111267.8,0.001381,111260.1,0.179723,111267.9,0.03237,111260.0,0.092653,111268.9,0.046954,111256.9,0.004499,111269.0,0.111097,111255.3,0.026838,111269.1,0.084458,111255.2,0.177794,111269.3,0.184127,111255.1,0.184127,111269.4,0.914716,111255.0,0.900746,111269.8,0.000895,111254.9,0.004227,111270.6,0.005399,111254.8,0.002,111271.5,0.001348,111254.7,0.041341,111271.6,0.004227,111254.4,0.00014,111271.8,0.08987,111254.0,0.004227,111272.2,0.195279,111253.2,0.209218,111272.8,1.089473,111253.0,0.004227,111272.9,0.12238,111252.0,0.004227,111273.0,0.008627
1756903693.6332474,26902447430,1756903693495,111265.9,0.059029,111266.0,2.634539,111265.3,0.0036,111266.1,0.038828,111265.1,0.010453,111266.7,0.0054,111262.6,0.000481,111267.2,0.01797,111260.7,0.079955,111267.8,0.001381,111260.6,0.179723,111267.9,0.03237,111260.0,0.092653,111268.9,0.046954,111256.9,0.004499,111269.0,0.111097,111255.3,0.026838,111269.1,0.084458,111255.2,0.177794,111269.3,0.184127,111255.1,0.184127,111269.4,0.914716,111255.0,0.900746,111269.8,0.000895,111254.9,0.004227,111270.6,0.005399,111254.8,0.002,111271.5,0.001348,111254.7,0.041341,111271.6,0.004227,111254.4,0.00014,111271.8,0.08987,111254.0,0.004227,111272.2,0.195279,111253.2,0.209218,111272.8,1.089473,111253.0,0.004227,111272.9,0.12238,111252.0,0.004227,111273.0,0.008627
1756903693.7481034,26902447480,1756903693607,111265.9,0.059029,111266.0,2.634539,111265.3,0.0036,111266.1,0.038828,111265.1,0.01,111266.7,0.0054,111263.2,0.000497,111267.2,0.01797,111262.6,0.000481,111267.8,0.001381,111260.7,0.079955,111267.9,0.03237,111260.6,0.179723,111268.8,0.089611,111260.0,0.092653,111268.9,0.046954,111256.9,0.004499,111269.0,0.111097,111255.3,0.026838,111269.3,0.184127,111255.2,0.177794,111269.4,0.914716,111255.1,0.184127,111269.8,0.000895,111255.0,0.900746,111270.6,0.005399,111254.9,0.004227,111271.5,0.001348,111254.8,0.002,111271.6,0.004227,111254.7,0.041341,111271.8,0.08987,111254.4,0.00014,111272.2,0.195279,111254.0,0.004227,111272.8,1.089473,111253.2,0.209218,111272.9,0.12238,111253.0,0.004227,111273.0,0.008627
1756903693.8504815,26902447488,1756903693709,111265.9,0.059029,111266.0,2.615613,111265.3,0.0036,111266.1,0.038828,111265.1,0.01,111266.7,0.0054,111263.2,0.000497,111267.2,0.01797,111262.6,0.000481,111267.8,0.001381,111260.7,0.079955,111267.9,0.03237,111260.0,0.092653,111268.8,0.089611,111256.9,0.004499,111268.9,0.046954,111255.3,0.026838,111269.0,0.111097,111255.2,0.177794,111269.3,0.184127,111255.1,0.184127,111269.4,0.914716,111255.0,0.900746,111269.8,0.000895,111254.9,0.004227,111270.6,0.005399,111254.8,0.002,111271.5,0.001348,111254.7,0.041341,111271.6,0.004227,111254.4,0.00014,111271.8,0.08987,111254.0,0.004227,111272.2,0.195279,111253.2,0.209218,111272.8,1.089473,111253.0,0.004227,111272.9,0.12238,111252.0,0.004227,111273.0,0.008627
1756903693.9530253,26902447540,1756903693812,111265.9,0.059029,111266.0,2.634539,111265.3,0.0036,111266.1,0.038828,111265.1,0.01,111266.7,0.0054,111263.2,0.000497,111267.2,0.01797,111262.6,0.000481,111267.8,0.001381,111260.7,0.086464,111267.9,0.03237,111260.1,0.179723,111268.8,0.089611,111260.0,0.092653,111268.9,0.046954,111256.9,0.004499,111269.0,0.111097,111255.3,0.026838,111269.3,0.184127,111255.2,0.177794,111269.4,0.914716,111255.1,0.184127,111269.8,0.000895,111255.0,0.900746,111270.6,0.005399,111254.9,0.004227,111271.5,0.001348,111254.8,0.002,111271.6,0.004227,111254.7,0.041341,111271.8,0.08987,111254.4,0.00014,111272.2,0.195279,111254.0,0.004227,111272.8,1.089473,111253.2,0.209218,111272.9,0.12238,111253.0,0.004227,111273.0,0.008627
1756903694.052805,26902447545,1756903693912,111265.9,0.059029,111266.0,2.634539,111265.3,0.0036,111266.1,0.038828,111265.1,0.01,111266.7,0.0054,111263.2,0.000497,111267.2,0.01797,111262.6,0.000481,111267.8,0.001381,111260.7,0.086464,111267.9,0.03237,111260.1,0.179723,111268.8,0.089611,111260.0,0.092653,111268.9,0.046954,111256.9,0.004499,111269.0,0.111097,111255.3,0.026838,111269.3,0.184127,111255.2,0.177794,111269.4,0.914716,111255.1,0.184127,111269.8,0.000895,111255.0,0.900746,111270.6,0.005399,111254.9,0.004227,111271.5,0.001348,111254.8,0.002,111271.6,0.004227,111254.7,0.041341,111271.8,0.08987,111254.4,0.00014,111272.2,0.195279,111254.0,0.004227,111272.8,1.089473,111253.2,0.209218,111272.9,0.12238,111253.0,0.004227,111273.0,0.008627
1756903694.1542046,26902447557,1756903694014,111265.9,0.059029,111266.0,2.620013,111265.3,0.008099,111266.1,0.038828,111265.1,0.01,111266.7,0.0054,111263.2,0.000497,111267.2,0.01797,111262.6,0.000481,111267.8,0.001381,111260.7,0.086464,111267.9,0.03237,111260.1,0.179723,111268.8,0.089611,111260.0,0.092653,111268.9,0.046954,111255.3,0.026838,111269.0,0.111097,111255.2,0.177794,111269.3,0.184127,111255.1,0.184127,111269.4,0.914716,111255.0,0.900746,111269.8,0.000895,111254.9,0.004227,111270.6,0.005399,111254.8,0.002,111271.5,0.001348,111254.7,0.041341,111271.6,0.004227,111254.4,0.00014,111271.8,0.08987,111254.0,0.004227,111272.2,0.195279,111253.2,0.209218,111272.8,1.089473,111253.0,0.004227,111272.9,0.12238,111252.0,0.004227,111273.0,0.004227
1756903694.2690442,26902447655,1756903694130,111265.9,0.059029,111266.0,2.638939,111265.3,0.008099,111266.1,0.038828,111265.1,0.01,111266.7,0.0054,111262.6,0.000481,111267.2,0.01797,111261.5,0.000459,111267.8,0.001381,111260.7,0.086464,111267.9,0.03237,111260.1,0.179723,111268.8,0.089611,111260.0,0.092653,111268.9,0.046954,111255.3,0.026838,111269.0,0.111097,111255.2,0.177794,111269.3,0.184127,111255.1,0.184127,111269.4,0.914716,111255.0,0.900746,111269.8,0.000895,111254.9,0.004227,111270.6,0.005399,111254.8,0.002,111271.5,0.001348,111254.7,0.041341,111271.6,0.004227,111254.4,0.00014,111271.8,0.08987,111254.0,0.004227,111272.2,0.195279,111253.2,0.209218,111272.8,1.089473,111253.0,0.004227,111272.9,0.12238,111252.0,0.004227,111273.0,0.004227
1756903694.4222996,26902447665,1756903694281,111265.9,0.059029,111266.0,2.620013,111265.3,0.008099,111266.1,0.038828,111265.1,0.01,111266.7,0.0054,111262.6,0.000481,111267.2,0.01797,111261.5,0.000459,111267.8,0.001381,111260.7,0.086464,111267.9,0.03237,111260.1,0.179723,111268.8,0.089611,111260.0,0.092653,111268.9,0.046954,111255.3,0.026838,111269.0,0.111097,111255.2,0.177794,111269.3,0.184127,111255.1,0.184127,111269.4,0.914716,111255.0,0.900746,111269.8,0.000895,111254.9,0.004227,111270.6,0.005399,111254.8,0.002,111271.5,0.001348,111254.7,0.041341,111271.6,0.004227,111254.4,0.00014,111271.8,0.08987,111254.0,0.004227,111272.2,0.195279,111253.2,0.209218,111272.8,1.089473,111253.0,0.004227,111272.9,0.12238,111252.0,0.004227,111273.0,0.004227
1756903694.5297403,26902447688,1756903694388,111265.9,0.059029,111266.0,2.620013,111265.3,0.008099,111266.1,0.038828,111265.1,0.01,111266.7,0.0054,111262.6,0.000481,111267.2,0.01797,111261.5,0.000459,111267.8,0.001381,111260.7,0.086464,111267.9,0.03237,111260.1,0.179723,111268.8,0.089611,111260.0,0.092653,111268.9,0.046954,111255.3,0.026838,111269.0,0.111097,111255.2,0.177794,111269.3,0.184127,111255.1,0.184127,111269.4,0.914716,111255.0,0.900746,111269.8,0.000895,111254.9,0.004227,111270.6,0.005399,111254.8,0.002,111271.5,0.001348,111254.7,0.041341,111271.6,0.004227,111254.4,0.00014,111271.8,0.08987,111254.0,0.004227,111272.2,0.195279,111253.2,0.209218,111272.8,1.089473,111253.0,0.004227,111272.9,0.12238,111252.0,0.004227,111273.0,0.004227
1756903694.643371,26902447706,1756903694503,111265.9,0.059029,111266.0,2.620013,111265.3,0.008099,111266.1,0.038828,111265.1,0.01,111266.7,0.0054,111262.6,0.000481,111267.2,0.01797,111261.5,0.000459,111267.8,0.001381,111260.7,0.086464,111267.9,0.03237,111260.1,0.179723,111268.8,0.089611,111260.0,0.092653,111268.9,0.046954,111255.3,0.026838,111269.0,0.111097,111255.2,0.177794,111269.3,0.184127,111255.1,0.184127,111269.4,0.914716,111255.0,0.900746,111269.8,0.000895,111254.9,0.004227,111270.6,0.005399,111254.8,0.002,111271.5,0.001348,111254.7,0.041341,111271.6,0.004227,111254.4,0.00014,111271.8,0.08987,111254.0,0.004227,111272.2,0.195279,111253.2,0.209218,111272.8,1.089473,111253.0,0.004227,111272.9,0.12238,111252.0,0.004227,111273.0,0.004227
1756903694.7493687,26902447758,1756903694608,111265.9,0.059029,111266.0,2.638939,111265.3,0.008099,111266.1,0.038828,111265.1,0.01,111266.7,0.0054,111262.6,0.000481,111267.2,0.01797,111261.5,0.000459,111267.8,0.001381,111260.7,0.086464,111267.9,0.03237,111260.0,0.092653,111268.8,0.089611,111255.4,0.179723,111268.9,0.046954,111255.3,0.026838,111269.0,0.111097,111255.2,0.177794,111269.3,0.184127,111255.1,0.184127,111269.4,0.914716,111255.0,0.900746,111269.8,0.000895,111254.9,0.004227,111270.6,0.005399,111254.8,0.002,111271.5,0.001348,111254.7,0.041341,111271.6,0.004227,111254.4,0.00014,111271.8,0.08987,111254.0,0.004227,111272.2,0.195279,111253.2,0.209218,111272.8,1.089473,111253.0,0.004227,111272.9,0.12238,111252.0,0.004227,111273.0,0.004227
1756903694.875226,26902447779,1756903694734,111265.9,0.059029,111266.0,2.638939,111265.3,0.008099,111266.1,0.038828,111265.1,0.01,111266.7,0.0054,111262.6,0.000481,111267.2,0.01797,111261.5,0.000459,111267.8,0.001381,111260.7,0.037197,111267.9,0.03237,111260.1,0.179723,111268.8,0.089611,111260.0,0.092653,111268.9,0.046954,111255.3,0.026838,111269.0,0.111097,111255.2,0.177794,111269.3,0.184127,111255.1,0.184127,111269.4,0.914716,111255.0,0.900746,111269.8,0.000895,111254.9,0.004227,111270.6,0.005399,111254.8,0.002,111271.5,0.001348,111254.7,0.041341,111271.6,0.004227,111254.4,0.00014,111271.8,0.08987,111254.0,0.004227,111272.2,0.195279,111253.2,0.209218,111272.8,1.089473,111253.0,0.004227,111272.9,0.12238,111252.0,0.004227,111273.0,0.004227
1756903694.9775574,26902447834,1756903694841,111265.9,0.082107,111266.0,2.62601,111265.3,0.008099,111266.1,0.038828,111265.1,0.01,111266.7,0.0054,111262.6,0.000481,111267.2,0.01797,111261.5,0.000459,111267.8,0.001381,111260.7,0.085115,111267.9,0.03237,111260.1,0.179723,111268.8,0.089611,111260.0,0.092653,111269.0,0.111097,111255.3,0.026838,111269.3,0.184127,111255.2,0.177794,111269.4,0.914716,111255.1,0.184127,111269.8,0.000895,111255.0,0.900746,111270.6,0.005399,111254.9,0.004227,111271.5,0.001348,111254.8,0.002,111271.6,0.004227,111254.7,0.041341,111271.8,0.08987,111254.4,0.00014,111272.2,0.195279,111254.0,0.004227,111272.8,1.089473,111253.2,0.209218,111272.9,0.12238,111253.0,0.004227,111273.0,0.004227,111252.0,0.004227,111274.0,0.094097
1756903695.099218,26902447842,1756903694960,111265.9,0.082107,111266.0,2.62601,111265.3,0.008099,111266.1,0.038828,111265.1,0.01,111266.7,0.0054,111262.6,0.000481,111267.2,0.01797,111261.5,0.000459,111267.8,0.001381,111260.7,0.085115,111267.9,0.03237,111260.1,0.179723,111268.7,0.046954,111260.0,0.092653,111268.8,0.089611,111255.3,0.026838,111269.0,0.111097,111255.2,0.177794,111269.3,0.184127,111255.1,0.184127,111269.4,0.914716,111255.0,0.900746,111269.8,0.000895,111254.9,0.004227,111270.6,0.005399,111254.8,0.002,111271.5,0.001348,111254.7,0.041341,111271.6,0.004227,111254.4,0.00014,111271.8,0.08987,111254.0,0.004227,111272.2,0.195279,111253.2,0.209218,111272.8,1.089473,111253.0,0.004227,111272.9,0.12238,111252.0,0.004227,111273.0,0.004227
1756903695.2086043,26902447904,1756903695064,111265.9,0.183795,111266.0,2.235432,111265.3,0.008099,111266.1,0.038828,111265.1,0.01,111266.7,0.0054,111262.6,0.000481,111267.8,0.001381,111260.9,0.053917,111267.9,0.03237,111260.8,0.179708,111268.8,0.089611,111260.7,0.053156,111269.0,0.058799,111260.0,0.092653,111269.4,0.896746,111259.9,0.000462,111269.8,0.000895,111255.4,0.073193,111270.6,0.005399,111255.3,0.026838,111271.5,0.001348,111255.2,0.230963,111271.6,0.004227,111255.1,0.274235,111272.2,0.195279,111255.0,0.900746,111272.8,1.080873,111254.9,0.004227,111272.9,0.12238,111254.8,0.002,111273.0,0.004227,111254.7,0.041341,111274.0,0.004227,111254.0,0.004227,111274.8,0.000898,111253.2,0.209218,111275.0,0.004227,111253.0,0.004227,111275.5,0.020348
1756903695.3050287,26902448084,1756903695165,111265.9,0.370503,111266.0,0.924759,111265.3,0.008099,111266.1,0.038828,111265.1,0.01,111266.7,0.03298,111262.6,0.000481,111267.8,0.041536,111262.0,0.03016,111267.9,0.03237,111261.9,0.184127,111268.8,0.089611,111260.7,0.122361,111269.4,0.896746,111260.2,0.027291,111269.8,0.000895,111260.0,0.092653,111270.6,0.005399,111259.9,0.000462,111271.5,0.001348,111259.1,0.047644,111271.6,0.004227,111259.0,0.896746,111272.2,0.139919,111258.9,0.184127,111272.8,0.896746,111255.4,0.073193,111272.9,0.12238,111255.2,0.177794,111273.0,0.004227,111255.1,0.274235,111274.0,0.004227,111255.0,0.900746,111274.8,0.000898,111254.9,0.004227,111275.0,0.004227,111254.8,0.002,111275.5,0.020348,111254.7,0.041341,111276.4,0.01487
1756903695.4381583,26902448138,1756903695297,111265.9,0.402253,111266.0,0.899996,111265.3,0.008099,111266.1,0.038828,111265.1,0.01,111266.6,0.09418,111262.6,0.000481,111266.7,0.03298,111262.1,0.064286,111267.2,0.209219,111262.0,0.03016,111267.8,0.001381,111261.9,0.184127,111269.1,0.01797,111260.7,0.122361,111269.4,0.896746,111260.2,0.027291,111269.8,0.000895,111260.0,0.092653,111270.6,0.005399,111259.9,0.000462,111271.3,0.01797,111259.1,0.047644,111271.5,0.001348,111259.0,0.896746,111271.6,0.004227,111258.9,0.184127,111272.2,0.139919,111255.4,0.073193,111272.7,0.053397,111255.2,0.177794,111272.8,0.896746,111255.1,0.274235,111272.9,0.12238,111255.0,0.900746,111273.0,0.004227,111254.9,0.004227,111274.0,0.004227,111254.8,0.002,111274.8,0.000898
1756903695.5394669,26902448211,1756903695398,111265.9,0.402253,111266.0,0.821541,111265.3,0.0036,111266.6,0.013869,111265.1,0.01,111266.7,0.03298,111262.6,0.000481,111267.8,0.001381,111262.5,0.896746,111269.4,0.896746,111262.1,0.064286,111269.8,0.000895,111262.0,0.03016,111270.6,0.005399,111261.9,0.184127,111271.5,0.001348,111260.7,0.175082,111271.6,0.004227,111260.2,0.027291,111272.2,0.139919,111260.0,0.092653,111272.7,0.053397,111259.9,0.000462,111272.8,0.896746,111259.1,0.047644,111272.9,0.12238,111259.0,0.896746,111273.0,0.004227,111258.9,0.184127,111274.0,0.004227,111258.2,0.209219,111274.8,0.000898,111255.2,0.177794,111275.0,0.004227,111255.1,0.274235,111275.5,0.020348,111255.0,0.900746,111276.4,0.01487,111254.9,0.004227,111276.6,0.014
1756903695.642214,26902448279,1756903695499,111265.9,0.402253,111266.0,0.878536,111265.4,0.004499,111266.6,0.087509,111265.3,0.0036,111266.7,0.0054,111265.1,0.01,111266.8,0.026537,111262.6,0.000481,111267.8,0.001381,111262.5,0.896746,111269.8,0.000895,111262.1,0.064286,111270.6,0.005399,111262.0,0.03016,111271.5,0.001348,111261.9,0.184127,111271.6,0.004227,111260.7,0.175082,111272.2,0.139919,111260.3,0.02617,111272.7,0.053397,111260.0,0.092653,111272.8,0.896746,111259.9,0.000462,111272.9,0.12238,111259.1,0.047644,111273.0,0.004227,111259.0,0.896746,111274.0,0.004227,111258.9,0.184127,111274.8,0.000898,111258.2,0.209219,111275.0,0.004227,111255.2,0.066044,111275.5,0.020348,111255.1,0.274235,111276.4,0.01487,111255.0,0.904973,111276.6,0.014
1756903695.7386694,26902448337,1756903695598,111265.9,0.402253,111266.0,0.87706,111265.4,0.004499,111266.6,0.013869,111265.3,0.0036,111266.7,0.0054,111265.1,0.01,111266.8,0.026537,111262.6,0.000481,111267.8,0.001381,111262.5,0.896746,111268.0,0.209217,111262.1,0.064286,111269.8,0.000895,111262.0,0.03016,111270.6,0.005399,111261.9,0.184127,111271.5,0.001348,111260.7,0.175082,111271.6,0.004227,111260.5,0.01798,111272.2,0.099085,111260.3,0.02617,111272.7,0.053397,111260.0,0.092653,111272.9,0.12238,111259.9,0.000462,111273.0,0.004227,111259.1,0.047644,111274.0,0.004227,111259.0,0.896746,111274.4,0.005997,111258.9,0.184127,111274.5,0.01797,111258.2,0.241889,111274.8,0.000898,111255.2,0.137045,111275.0,0.004227,111255.1,0.274235,111275.5,0.020348
1756903695.8530734,26902448401,1756903695714,111265.9,0.421179,111266.0,0.444162,111265.4,0.004499,111266.6,0.013869,111265.3,0.0036,111266.7,0.0054,111265.1,0.01,111266.8,0.026537,111262.6,0.000481,111267.8,0.001381,111262.5,0.896746,111269.8,0.000895,111262.1,0.064286,111270.6,0.005399,111262.0,0.03016,111271.5,0.001348,111261.9,0.184127,111271.6,0.004227,111260.7,0.175082,111272.2,0.099085,111260.5,0.01798,111273.0,0.004227,111260.3,0.02617,111274.0,0.004227,111260.0,0.092653,111274.4,0.005997,111259.9,0.000458,111274.5,0.01797,111259.1,0.047644,111274.8,0.000898,111259.0,0.896746,111275.0,0.004227,111258.9,0.184127,111275.5,0.020348,111258.2,0.241889,111276.3,0.076355,111255.2,0.137045,111276.4,0.01487,111255.1,0.274235,111276.6,0.014
1756903695.9569013,26902448456,1756903695820,111265.9,0.421179,111266.0,0.420164,111265.4,0.004499,111266.6,0.013869,111265.3,0.0036,111266.7,0.0054,111265.1,0.01,111266.8,0.026537,111262.6,0.000481,111267.8,0.001381,111262.5,0.896746,111269.8,0.000895,111262.1,0.064286,111270.6,0.005399,111262.0,0.03016,111271.5,0.001348,111261.9,0.184127,111271.6,0.004227,111260.7,0.175082,111272.0,0.209217,111260.5,0.01798,111272.2,0.099085,111260.3,0.02617,111273.0,0.004227,111260.0,0.092653,111274.0,0.004227,111259.9,0.000458,111274.4,0.005997,111259.1,0.047644,111274.5,0.01797,111259.0,0.896746,111274.8,0.000898,111258.9,0.184127,111275.0,0.004227,111258.2,0.241889,111275.5,0.020348,111255.2,0.137045,111276.3,0.076355,111255.1,0.274235,111276.4,0.01487
1756903696.0828342,26902448481,1756903695943,111265.9,0.402253,111266.0,0.432163,111265.4,0.004499,111266.6,0.074588,111265.3,0.0036,111266.7,0.0054,111265.1,0.01,111266.9,0.026909,111262.6,0.000481,111267.8,0.001381,111262.5,0.896746,111269.8,0.000895,111262.1,0.064286,111270.6,0.005399,111262.0,0.03016,111271.5,0.001348,111261.9,0.184127,111271.6,0.004227,111260.7,0.175082,111272.0,0.209217,111260.5,0.01798,111272.2,0.099085,111260.3,0.02617,111273.0,0.004227,111260.0,0.092653,111274.0,0.004227,111259.9,0.000458,111274.4,0.005997,111259.1,0.047644,111274.5,0.01797,111259.0,0.896746,111274.8,0.000898,111258.9,0.184127,111275.0,0.004227,111258.2,0.241889,111275.5,0.020348,111255.3,0.026959,111276.3,0.076355,111255.2,0.137045,111276.4,0.01487
1756903696.1985807,26902448510,1756903696059,111265.9,0.402253,111266.0,0.456161,111265.4,0.004499,111266.6,0.074588,111265.3,0.0036,111266.7,0.0054,111265.1,0.01,111266.9,0.026909,111262.6,0.000481,111267.8,0.001381,111262.5,0.896746,111269.8,0.000895,111262.1,0.064286,111270.6,0.005399,111262.0,0.03016,111271.5,0.001348,111261.9,0.184127,111271.6,0.004227,111260.7,0.175082,111272.0,0.209217,111260.5,0.01798,111272.2,0.099085,111260.3,0.02617,111273.0,0.004227,111260.0,0.092653,111274.0,0.004227,111259.9,0.000458,111274.4,0.005997,111259.1,0.047644,111274.5,0.01797,111259.0,0.896746,111274.8,0.000898,111258.9,0.184127,111275.0,0.004227,111258.2,0.241889,111275.5,0.020348,111255.3,0.026959,111276.3,0.076355,111255.2,0.137045,111276.4,0.01487
1756903696.3118875,26902448615,1756903696171,111265.9,0.402253,111266.0,0.46816,111265.4,0.004499,111266.6,0.074588,111265.3,0.0036,111266.7,0.0054,111265.1,0.01,111266.9,0.026909,111262.6,0.000481,111267.8,0.001381,111262.5,0.896746,111269.8,0.000895,111262.1,0.064286,111270.6,0.005399,111262.0,0.03016,111271.5,0.001348,111261.9,0.184127,111271.6,0.004227,111260.7,0.175082,111271.7,0.008,111260.5,0.01798,111272.0,0.209217,111260.3,0.02617,111272.2,0.099085,111260.0,0.092653,111273.0,0.004227,111259.1,0.047644,111274.0,0.004227,111259.0,0.896746,111274.5,0.01797,111258.9,0.184127,111274.8,0.000898,111258.5,0.000524,111275.0,0.004227,111258.2,0.241889,111275.5,0.020348,111255.2,0.137045,111276.3,0.076355,111255.1,0.274235,111276.4,0.01487
1756903696.4120543,26902448677,1756903696272,111265.9,0.402253,111266.0,0.361645,111265.4,0.004499,111266.6,0.013869,111265.3,0.0036,111266.7,0.0054,111265.1,0.01,111267.8,0.001381,111263.8,0.026957,111269.8,0.000895,111263.0,0.127196,111270.4,0.026995,111262.9,0.209219,111270.6,0.005399,111262.6,0.000481,111271.5,0.001348,111262.5,0.896746,111271.6,0.004227,111262.0,0.03016,111271.7,0.008,111261.9,0.184127,111272.2,0.099085,111260.7,0.12053,111273.0,0.004227,111260.0,0.092653,111274.0,0.004227,111259.1,0.047644,111274.8,0.000898,111259.0,0.896746,111275.0,0.004227,111258.9,0.184127,111275.5,0.020348,111258.5,0.000524,111276.5,0.089611,111258.2,0.01469,111276.6,0.014,111255.2,0.137045,111277.3,0.896746,111255.1,0.274235,111277.4,0.091708
1756903696.512545,26902448726,1756903696372,111265.9,0.421179,111266.0,0.39927,111265.4,0.004499,111266.6,0.013869,111265.3,0.0036,111266.7,0.0054,111263.9,0.026623,111267.8,0.001381,111263.0,0.127196,111269.8,0.000895,111262.9,0.209219,111270.5,0.027609,111262.6,0.000481,111270.6,0.005399,111262.5,0.896746,111271.5,0.001348,111262.0,0.03016,111271.6,0.004227,111261.9,0.184127,111271.7,0.008,111260.7,0.12053,111272.2,0.127224,111260.5,0.01798,111272.5,0.209218,111260.0,0.092653,111273.0,0.004227,111259.1,0.047644,111274.0,0.004227,111259.0,0.896746,111274.8,0.000898,111258.9,0.184127,111275.0,0.004227,111258.5,0.000524,111275.5,0.020348,111258.3,0.01798,111276.5,0.089611,111258.2,0.01469,111276.6,0.014,111255.3,0.026959,111276.7,0.014272
1756903696.614078,26902448850,1756903696474,111265.9,0.433478,111266.0,0.037246,111265.3,0.0036,111266.7,0.0054,111263.0,0.127196,111267.6,0.0044,111262.9,0.209219,111267.8,0.001381,111262.6,0.000481,111271.5,0.001348,111262.5,0.896746,111271.7,0.008,111262.3,0.004227,111272.1,0.001121,111262.0,0.03016,111272.2,0.041741,111261.9,0.184127,111273.4,0.040643,111260.7,0.12053,111274.5,0.027538,111260.0,0.092653,111274.7,0.005399,111259.1,0.047644,111274.8,0.000898,111259.0,0.896746,111275.5,0.024575,111258.9,0.184127,111276.5,0.089611,111258.5,0.000524,111276.6,0.014,111258.2,0.01469,111277.0,0.004227,111255.3,0.026959,111277.4,0.0016,111255.2,0.136167,111278.0,0.004227,111255.1,0.274235,111278.5,0.603779,111255.0,0.900746,111279.0,0.004227
1756903696.7154243,26902448900,1756903696575,111265.9,0.433478,111266.0,0.037246,111265.3,0.0036,111266.7,0.0054,111263.0,0.127196,111267.8,0.001381,111262.9,0.209219,111269.2,0.0044,111262.6,0.02744,111271.5,0.001348,111262.5,0.896746,111271.7,0.008,111262.3,0.004227,111272.1,0.001121,111261.9,0.184127,111272.2,0.081019,111260.8,0.044921,111274.3,0.209218,111260.7,0.12053,111274.5,0.027538,111260.5,0.10786,111274.7,0.005399,111260.0,0.092653,111274.8,0.000898,111259.1,0.047644,111275.5,0.024575,111259.0,0.896746,111276.6,0.014,111258.9,0.184127,111277.0,0.004227,111258.5,0.000524,111277.4,0.0016,111258.3,0.01798,111278.0,0.004227,111258.2,0.10457,111278.3,0.067046,111256.0,0.08988,111278.4,0.089611,111255.2,0.091918,111278.5,0.603779
1756903696.8442953,26902448970,1756903696703,111265.9,0.452404,111266.0,0.037246,111265.3,0.0036,111266.7,0.0054,111263.0,0.127196,111267.8,0.001381,111262.9,0.209219,111269.2,0.0044,111262.6,0.02744,111271.5,0.001348,111262.5,0.896746,111271.7,0.008,111262.3,0.004227,111272.1,0.001121,111261.9,0.184127,111272.2,0.081019,111260.8,0.044921,111274.3,0.209218,111260.7,0.178505,111274.5,0.027538,111260.5,0.10786,111274.7,0.005399,111260.0,0.092653,111274.8,0.000898,111259.1,0.047644,111275.5,0.024575,111259.0,0.896746,111276.6,0.014,111258.9,0.184127,111277.0,0.004227,111258.5,0.000523,111277.4,0.0016,111258.3,0.01798,111277.5,0.000895,111258.2,0.10457,111278.0,0.004227,111256.0,0.08988,111278.3,0.067046,111255.2,0.091918,111278.4,0.089611
1756903696.9460256,26902449028,1756903696805,111265.9,0.452404,111266.0,0.037246,111265.3,0.0036,111266.7,0.0054,111263.0,0.127196,111267.8,0.001381,111262.9,0.209219,111269.6,0.0044,111262.6,0.02744,111271.5,0.001348,111262.5,0.896746,111271.7,0.008,111262.3,0.004227,111272.1,0.001121,111261.9,0.184127,111272.2,0.081019,111260.8,0.044921,111274.3,0.209218,111260.7,0.178505,111274.5,0.027538,111260.5,0.10786,111274.7,0.005399,111260.0,0.092653,111274.8,0.000898,111259.1,0.047644,111275.5,0.024575,111259.0,0.950605,111276.6,0.014,111258.9,0.184127,111276.8,0.036402,111258.5,0.000523,111277.0,0.004227,111258.3,0.01798,111277.4,0.0016,111258.2,0.10457,111277.5,0.000895,111256.0,0.08988,111278.0,0.004227,111255.2,0.091918,111278.3,0.067046
1756903697.0696244,26902449042,1756903696929,111265.9,0.433478,111266.0,0.037246,111265.3,0.0036,111266.7,0.0054,111263.0,0.127196,111267.8,0.001381,111262.9,0.209219,111269.6,0.0044,111262.6,0.02744,111271.5,0.001348,111262.5,0.896746,111271.7,0.008,111262.3,0.004227,111272.1,0.001121,111261.9,0.184127,111272.2,0.081019,111260.8,0.044921,111274.3,0.209218,111260.7,0.178505,111274.5,0.027538,111260.5,0.10786,111274.7,0.005399,111260.0,0.092653,111274.8,0.000898,111259.1,0.047644,111275.0,0.043081,111259.0,0.950605,111275.5,0.024575,111258.9,0.184127,111276.6,0.014,111258.5,0.000523,111276.8,0.036402,111258.3,0.01798,111277.0,0.004227,111258.2,0.10457,111277.4,0.0016,111256.0,0.08988,111277.5,0.000895,111255.2,0.068687,111278.0,0.004227
1756903697.1699393,26902449073,1756903697029,111265.9,0.454404,111266.0,0.037246,111265.3,0.0036,111266.7,0.0054,111263.0,0.127196,111267.8,0.001381,111262.9,0.209219,111269.6,0.0044,111262.6,0.02744,111271.5,0.001348,111262.5,0.896746,111271.7,0.008,111262.3,0.004227,111272.2,0.081019,111261.9,0.184127,111274.7,0.005399,111261.2,0.01798,111274.8,0.000898,111261.0,0.004227,111275.0,0.043081,111260.8,0.044921,111275.5,0.020348,111260.7,0.12053,111275.6,0.031552,111260.0,0.09688,111276.6,0.014,111259.1,0.047644,111277.0,0.004227,111259.0,0.972812,111277.4,0.0016,111258.9,0.184127,111277.5,0.000895,111258.5,0.000523,111278.0,0.004227,111258.2,0.01469,111278.3,0.067046,111255.2,0.068687,111278.4,0.089611,111255.1,0.274235,111278.5,0.603779
1756903697.2738824,26902449375,1756903697132,111269.5,1.009344,111269.6,0.021857,111268.5,0.004227,111271.5,0.001348,111267.8,0.292847,111271.6,0.009254,111267.7,0.630617,111271.7,0.008,111267.5,0.01797,111274.3,0.0044,111266.9,0.2887,111274.8,0.000898,111266.6,1.080873,111275.5,0.020348,111266.0,0.118851,111276.6,0.004,111265.9,0.268797,111277.4,0.0016,111265.4,0.026959,111277.8,0.001123,111262.6,0.000481,111277.9,0.039528,111262.5,0.896746,111278.3,0.067046,111262.2,0.08988,111278.4,0.089611,111261.9,0.184127,111279.6,0.005399,111260.7,0.087598,111279.9,0.004227,111260.0,0.092653,111280.1,0.09449,111259.0,0.896746,111280.7,0.209215,111258.9,0.184127,111280.8,0.001432,111258.5,0.000523,111281.0,0.004227,111258.2,0.01469,111281.8,0.000895
1756903697.373313,26902449482,1756903697234,111269.5,1.240685,111269.6,0.021857,111268.9,0.0036,111270.2,0.0054,111267.8,0.292847,111271.5,0.001348,111267.7,0.341917,111271.6,0.009254,111267.0,0.004227,111271.7,0.008,111266.6,1.080873,111274.3,0.0044,111266.0,0.091614,111274.8,0.000898,111265.9,0.102679,111275.5,0.020348,111265.0,0.004227,111276.6,0.014,111262.6,0.000481,111277.4,0.0016,111262.5,0.896746,111278.3,0.067046,111262.0,0.053858,111278.4,0.089611,111261.9,0.184127,111279.6,0.005399,111260.7,0.087598,111280.1,0.09449,111260.0,0.092653,111280.3,0.001271,111259.0,0.896746,111282.4,0.896746,111258.9,0.184127,111283.5,0.050155,111258.2,0.01469,111283.7,0.209217,111258.0,0.00048,111285.8,0.896746,111256.8,0.018926,111286.0,0.000898
1756903697.4827144,26902449517,1756903697342,111269.5,1.244687,111269.6,0.021857,111268.9,0.0036,111270.2,0.0054,111268.7,0.004227,111271.5,0.001348,111267.8,0.292847,111271.6,0.014774,111267.7,0.341917,111271.7,0.008,111267.0,0.004227,111274.8,0.000898,111266.6,1.080873,111275.5,0.020348,111266.1,0.131096,111276.6,0.014,111266.0,0.004227,111277.1,0.0044,111265.9,0.102679,111277.4,0.0016,111265.0,0.004227,111278.3,0.067046,111264.4,0.08988,111278.4,0.089611,111262.6,0.000481,111279.6,0.005399,111262.5,0.896746,111280.1,0.09449,111262.2,0.08988,111280.3,0.001271,111262.0,0.053858,111282.4,0.896746,111261.9,0.184127,111282.6,0.004227,111260.7,0.087598,111283.5,0.050155,111260.0,0.092653,111283.7,0.209217,111259.0,0.896746,111284.0,0.005122
1756903697.5836637,26902449697,1756903697443,111271.6,1.224752,111271.7,0.008,111271.5,0.135168,111274.8,0.000898,111271.4,0.001797,111275.4,0.012104,111271.1,0.004499,111275.5,0.020348,111270.1,1.107832,111276.6,0.014,111269.5,0.362336,111277.1,0.0044,111268.7,0.004227,111277.4,0.0016,111267.7,0.209216,111278.3,0.067046,111267.0,0.004227,111279.6,0.005399,111266.6,1.080873,111280.1,0.09449,111266.1,0.131096,111280.3,0.001271,111266.0,0.004227,111282.2,0.0386,111265.9,0.05776,111282.3,0.093838,111265.1,0.002,111282.4,0.896746,111265.0,0.004227,111283.5,0.069156,111264.4,0.08988,111283.7,0.209217,111262.6,0.000481,111284.0,0.005122,111262.5,0.896746,111284.8,0.01797,111262.4,0.044002,111285.0,0.004227,111262.2,0.08988,111285.8,0.896746
1756903697.686781,26902449739,1756903697549,111271.6,1.361852,111271.7,0.008,111271.5,0.185257,111272.3,0.0054,111271.4,0.001797,111274.8,0.000898,111271.1,0.004499,111275.4,0.012104,111271.0,0.0036,111275.5,0.020348,111270.1,1.107832,111276.6,0.014,111269.5,0.209167,111277.1,0.0044,111268.7,0.004227,111277.4,0.0016,111267.7,0.209216,111278.3,0.067046,111267.0,0.004227,111278.8,0.03732,111266.6,1.080873,111279.6,0.005399,111266.1,0.089047,111280.1,0.09449,111266.0,0.004227,111280.3,0.001271,111265.9,0.05776,111282.2,0.0386,111265.1,0.002,111282.3,0.093838,111265.0,0.004227,111282.4,0.896746,111262.6,0.000481,111283.5,0.069156,111262.5,0.896746,111283.7,0.209217,111262.4,0.044002,111284.0,0.005122,111262.2,0.08988,111284.8,0.01797
1756903697.8011596,26902449792,1756903697659,111271.6,1.353052,111271.7,0.008,111271.5,0.233997,111272.3,0.0054,111271.4,0.001797,111274.8,0.000898,111271.1,0.004499,111275.4,0.012104,111271.0,0.0036,111275.5,0.020348,111270.1,1.107832,111276.6,0.014,111269.5,0.209167,111277.1,0.0044,111268.7,0.004227,111277.4,0.0016,111268.6,0.08987,111278.3,0.067046,111267.7,0.209216,111278.5,0.038578,111267.0,0.004227,111279.6,0.005399,111266.6,1.080873,111280.1,0.09449,111266.4,0.08987,111280.3,0.001271,111266.1,0.089047,111282.2,0.0386,111266.0,0.004227,111282.3,0.093838,111265.9,0.05776,111282.4,0.896746,111265.1,0.002,111283.5,0.069156,111265.0,0.004227,111283.7,0.209217,111262.6,0.000481,111284.0,0.005122,111262.5,0.896746,111284.8,0.01797
1756903697.9032395,26902449847,1756903697762,111271.6,1.355554,111271.7,0.008,111271.5,0.210784,111272.3,0.0054,111271.4,0.001797,111274.8,0.000898,111271.1,0.004499,111275.4,0.012104,111271.0,0.0036,111275.5,0.020348,111270.2,0.061928,111276.6,0.014,111270.1,1.107832,111277.1,0.0044,111269.5,0.202716,111277.4,0.0016,111268.7,0.004227,111278.3,0.067046,111268.6,0.08987,111279.6,0.005399,111267.7,0.209216,111280.1,0.09449,111267.0,0.004227,111280.3,0.03122,111266.6,1.080873,111282.2,0.0386,111266.4,0.08987,111282.3,0.093838,111266.1,0.089047,111282.4,0.896746,111266.0,0.004227,111283.5,0.069156,111265.9,0.05776,111283.7,0.209217,111265.1,0.002,111284.0,0.005122,111265.0,0.004227,111284.8,0.01797,111262.6,0.000481,111285.0,0.004227
1756903698.0036979,26902449857,1756903697863,111271.6,1.363587,111271.7,0.008,111271.5,0.210784,111272.3,0.0054,111271.4,0.001797,111274.8,0.000898,111271.1,0.004499,111275.4,0.012104,111271.0,0.0036,111275.5,0.020348,111270.2,0.061928,111276.6,0.014,111270.1,1.080873,111277.1,0.0044,111269.5,0.202716,111277.4,0.0016,111268.7,0.004227,111278.3,0.067046,111268.6,0.08987,111279.6,0.005399,111267.7,0.209216,111280.1,0.09449,111267.0,0.004227,111280.3,0.001271,111266.6,1.080873,111280.8,0.037075,111266.4,0.08987,111282.2,0.0386,111266.1,0.089047,111282.3,0.093838,111266.0,0.004227,111282.4,0.896746,111265.9,0.05776,111283.5,0.069156,111265.1,0.002,111283.7,0.209217,111265.0,0.004227,111284.0,0.005122,111262.6,0.000481,111284.8,0.01797
1756903698.1047099,26902449869,1756903697964,111271.6,1.367589,111271.7,0.008,111271.5,0.210784,111272.3,0.0054,111271.4,0.001797,111274.8,0.000898,111271.1,0.004499,111275.4,0.012104,111271.0,0.0036,111275.5,0.020348,111270.2,0.061928,111276.6,0.014,111270.1,1.080873,111277.1,0.0044,111269.5,0.202716,111277.4,0.0016,111268.7,0.004227,111278.3,0.067046,111268.6,0.08987,111279.6,0.005399,111267.7,0.209216,111279.9,0.042369,111267.0,0.004227,111280.1,0.09449,111266.6,1.080873,111280.3,0.001271,111266.4,0.08987,111280.8,0.037075,111266.1,0.089047,111282.3,0.093838,111266.0,0.004227,111282.4,0.896746,111265.9,0.05776,111283.5,0.069156,111265.1,0.002,111283.7,0.209217,111265.0,0.004227,111284.0,0.005122,111262.6,0.000481,111284.8,0.01797
1756903698.2062414,26902450042,1756903698066,111272.2,0.960529,111272.3,0.0054,111271.6,0.705282,111274.8,0.000898,111271.4,0.001797,111275.5,0.020348,111271.1,0.004499,111278.3,0.067046,111270.1,1.080873,111278.8,0.0044,111269.5,0.202716,111280.1,0.09449,111268.7,0.004227,111280.6,0.001303,111268.6,0.08987,111282.3,0.089611,111267.0,0.004227,111282.6,0.005399,111266.6,1.080873,111283.5,0.019001,111266.4,0.08987,111284.8,0.01797,111266.1,0.089047,111285.0,0.005122,111266.0,0.004227,111285.8,0.896746,111265.9,0.05576,111286.0,0.005125,111265.1,0.002,111287.0,0.022197,111265.0,0.004227,111287.2,0.026379,111264.7,0.08988,111287.5,0.001347,111262.6,0.047958,111288.9,0.173947,111262.5,0.896746,111290.2,0.032962,111262.4,0.044002,111291.0,0.896746
1756903698.3253307,26902450177,1756903698183,111275.4,1.818662,111275.5,0.020348,111274.8,0.097476,111278.3,0.067046,111274.7,0.126969,111278.8,0.0044,111272.4,0.184127,111280.1,0.09449,111272.2,0.630987,111280.6,0.001303,111271.7,0.094253,111282.3,0.099611,111271.6,0.002778,111282.6,0.005399,111271.4,0.002,111282.9,0.004227,111271.1,0.004499,111283.5,0.092333,111270.1,1.080873,111284.0,0.004227,111269.5,0.202716,111284.5,0.037717,111268.7,0.004227,111284.8,0.01797,111268.6,0.08987,111285.0,0.005122,111267.0,0.004227,111285.8,0.896746,111266.7,0.054358,111286.0,0.005125,111266.6,1.080873,111286.4,0.209216,111266.4,0.08987,111287.0,0.01797,111266.1,0.089047,111287.2,0.026379,111266.0,0.004227,111287.5,0.001347,111265.9,0.05576,111288.9,0.096004
1756903698.4526904,26902450193,1756903698311,111275.4,1.970719,111275.5,0.020348,111274.8,0.101076,111276.1,0.0054,111274.7,0.126969,111278.3,0.067046,111272.4,0.184127,111278.8,0.0044,111272.2,0.497916,111280.1,0.09449,111272.0,0.004499,111280.6,0.001303,111271.7,0.094253,111282.3,0.099611,111271.6,0.000276,111282.6,0.005399,111271.4,0.002,111282.9,0.044919,111270.1,1.080873,111283.5,0.092333,111269.5,0.202716,111284.0,0.004227,111268.7,0.004227,111284.5,0.037717,111268.6,0.08987,111284.8,0.01797,111267.0,0.004227,111285.0,0.005122,111266.7,0.054358,111285.8,0.896746,111266.6,1.080873,111286.0,0.005125,111266.4,0.08987,111287.0,0.01797,111266.1,0.089047,111287.2,0.026379,111266.0,0.004227,111287.5,0.001347,111265.9,0.05576,111288.9,0.096004
1756903698.5650368,26902450277,1756903698417,111275.4,2.045026,111275.5,0.020348,111274.8,0.101076,111276.1,0.0054,111274.7,0.124274,111278.3,0.067046,111272.4,0.184127,111280.1,0.09449,111272.2,0.497916,111280.6,0.001303,111271.6,0.000276,111282.3,0.099611,111271.4,0.002,111283.5,0.013877,111270.1,1.080873,111283.6,0.0044,111269.6,0.027032,111285.8,0.896746,111269.5,0.090108,111286.0,0.000898,111266.6,1.080873,111286.3,0.039784,111266.1,0.089047,111287.1,0.005399,111265.9,0.05576,111287.5,0.001347,111265.1,0.002,111288.0,0.004227,111262.6,0.000481,111288.9,0.096004,111262.5,0.896746,111289.0,0.004227,111262.4,0.044002,111289.3,0.000895,111261.9,0.184127,111290.0,0.004227,111260.7,0.087598,111291.0,0.900973,111260.1,0.0001,111292.5,0.184127
1756903698.6587896,26902450335,1756903698518,111275.4,2.036037,111275.5,0.020348,111274.8,0.101076,111276.1,0.0054,111274.7,0.124274,111278.3,0.031738,111274.0,0.004227,111280.1,0.09449,111273.0,0.004227,111280.6,0.001303,111272.5,0.116829,111282.3,0.01,111272.4,0.184127,111283.5,0.099843,111272.2,0.497916,111283.6,0.0044,111272.0,0.004227,111285.7,0.089611,111271.6,0.000276,111285.8,0.896746,111271.4,0.002,111286.0,0.000898,111270.4,0.053993,111286.3,0.039784,111270.3,0.08987,111287.1,0.005399,111270.1,1.080873,111287.5,0.001347,111269.5,0.090108,111288.0,0.004227,111266.6,1.080873,111288.7,0.209213,111266.1,0.089047,111288.9,0.096004,111265.9,0.05576,111289.0,0.004227,111265.1,0.002,111289.3,0.000895,111262.6,0.000481,111290.0,0.004227
1756903698.766394,26902450372,1756903698631,111275.4,1.972195,111275.5,0.339428,111274.8,0.101076,111276.1,0.0054,111274.7,0.124274,111278.3,0.031738,111274.0,0.004227,111280.1,0.09449,111273.0,0.004227,111280.6,0.001355,111272.5,0.08987,111281.7,0.0438,111272.4,0.184127,111282.3,0.01,111272.2,0.497916,111283.5,0.099843,111272.0,0.004227,111283.6,0.0044,111271.6,0.000276,111285.7,0.089611,111271.4,0.020926,111285.8,0.896746,111270.4,0.053993,111286.0,0.000898,111270.3,0.08987,111286.3,0.039784,111270.2,0.044918,111286.4,0.01797,111270.1,1.080873,111287.1,0.005399,111269.5,0.090108,111287.5,0.001347,111266.7,0.026959,111288.0,0.004227,111266.6,1.080873,111288.6,0.01797,111266.1,0.089047,111288.7,0.209213,111265.9,0.05576,111288.9,0.096004
1756903698.8725586,26902450443,1756903698733,111275.4,1.972052,111275.5,0.339428,111274.8,0.101076,111276.1,0.0054,111274.7,0.124274,111278.3,0.053373,111274.4,0.004499,111280.1,0.09449,111274.0,0.004227,111280.6,0.001355,111273.0,0.004227,111282.3,0.01,111272.5,0.08987,111283.5,0.099843,111272.4,0.184127,111283.6,0.0044,111272.2,0.497916,111285.7,0.089611,111272.0,0.004227,111285.8,0.896746,111271.6,0.000276,111286.0,0.000898,111271.4,0.018926,111286.4,0.01797,111270.4,0.095768,111287.1,0.005399,111270.3,0.08987,111287.5,0.001347,111270.2,0.044918,111288.0,0.004227,111270.1,1.080873,111288.6,0.01797,111269.5,0.090108,111288.7,0.209213,111268.1,0.08987,111288.9,0.096004,111266.7,0.026959,111289.0,0.004227,111266.6,1.080873,111289.3,0.000895
1756903698.9834785,26902450492,1756903698842,111275.4,1.972052,111275.5,0.339428,111274.8,0.101076,111276.1,0.0054,111274.7,0.124274,111278.3,0.031738,111274.4,0.004499,111280.1,0.09449,111274.0,0.004227,111280.6,0.001355,111273.0,0.004227,111281.6,0.041949,111272.5,0.08987,111282.3,0.014,111272.4,0.184127,111283.1,0.043223,111272.2,0.497916,111283.5,0.099843,111272.0,0.004227,111283.6,0.0044,111271.6,0.000276,111285.7,0.089611,111271.4,0.018926,111285.8,0.896746,111270.4,0.095768,111286.0,0.000898,111270.3,0.08987,111286.4,0.01797,111270.2,0.044918,111287.1,0.005399,111270.1,1.080873,111287.5,0.001347,111269.5,0.090108,111288.0,0.004227,111268.1,0.08987,111288.6,0.01797,111266.7,0.026959,111288.7,0.209213,111266.6,1.080873,111288.9,0.096004
1756903699.0878022,26902450503,1756903698948,111275.4,1.822089,111275.5,0.340347,111274.8,0.101076,111276.1,0.0054,111274.7,0.124274,111278.3,0.054538,111274.4,0.004499,111280.1,0.09449,111274.0,0.004227,111280.6,0.001355,111273.0,0.004227,111281.6,0.041949,111272.5,0.08987,111282.3,0.014,111272.4,0.184127,111283.1,0.043223,111272.2,0.497916,111283.5,0.099843,111272.0,0.004227,111283.6,0.0044,111271.6,0.000276,111285.7,0.089611,111270.4,0.095768,111285.8,0.896746,111270.3,0.08987,111286.0,0.000898,111270.2,0.044918,111286.4,0.01797,111270.1,1.080873,111287.1,0.005399,111269.5,0.090108,111287.5,0.001347,111268.1,0.08987,111288.0,0.004227,111266.6,1.080873,111288.6,0.01797,111266.1,0.089047,111288.7,0.209213,111265.9,0.05776,111288.9,0.096004
1756903699.1977363,26902450517,1756903699054,111275.4,1.822089,111275.5,0.339428,111274.8,0.101076,111276.1,0.0054,111274.7,0.124274,111278.3,0.054538,111274.4,0.004499,111280.1,0.09449,111274.0,0.004227,111280.6,0.001355,111273.0,0.004227,111281.6,0.041949,111272.5,0.08987,111283.1,0.043223,111272.4,0.184127,111283.5,0.099843,111272.2,0.497916,111283.6,0.0044,111272.0,0.004227,111285.7,0.089611,111271.6,0.000276,111285.8,0.896746,111270.4,0.095768,111286.0,0.000898,111270.3,0.08987,111286.4,0.01797,111270.2,0.044918,111287.1,0.005399,111270.1,1.080873,111287.5,0.001347,111269.5,0.090108,111288.0,0.004227,111268.1,0.08987,111288.6,0.01797,111266.6,1.080873,111288.7,0.209213,111266.1,0.089047,111288.9,0.096004,111265.9,0.05776,111289.0,0.004227
1756903699.302293,26902450609,1756903699162,111275.4,1.82609,111275.5,0.339428,111274.8,0.101076,111276.1,0.0054,111274.7,0.124274,111278.3,0.054538,111274.4,0.004499,111280.1,0.09449,111274.0,0.004227,111281.2,0.001372,111273.0,0.004227,111281.6,0.041949,111272.5,0.08987,111283.1,0.043223,111272.4,0.184127,111283.5,0.099843,111272.2,0.497916,111283.6,0.0044,111272.0,0.004227,111285.7,0.089611,111271.6,0.000276,111285.8,0.896746,111270.4,0.095768,111286.0,0.000898,111270.3,0.08987,111286.2,0.014,111270.2,0.044918,111286.4,0.01797,111270.1,1.080873,111287.1,0.005399,111269.5,0.090108,111287.5,0.001347,111268.1,0.08987,111288.0,0.004227,111266.6,1.080873,111288.6,0.01797,111266.1,0.089047,111288.7,0.209213,111265.9,0.05776,111288.9,0.096004
1756903699.4064298,26902450625,1756903699267,111275.4,1.866626,111275.5,0.339428,111274.8,0.101076,111276.1,0.0054,111274.7,0.160037,111278.3,0.054538,111274.4,0.004499,111280.1,0.09449,111274.0,0.004227,111281.2,0.001372,111273.0,0.004227,111281.6,0.041949,111272.5,0.08987,111283.5,0.099843,111272.4,0.184127,111283.6,0.0044,111272.2,0.497916,111285.7,0.089611,111272.0,0.004227,111285.8,0.896746,111271.6,0.000276,111286.0,0.000898,111270.4,0.095768,111286.2,0.014,111270.3,0.08987,111286.4,0.01797,111270.2,0.044918,111287.1,0.005399,111270.1,1.080873,111287.5,0.001347,111269.5,0.090108,111288.0,0.004227,111268.1,0.08987,111288.6,0.01797,111266.6,1.080873,111288.7,0.209213,111266.1,0.089047,111288.9,0.096004,111265.9,0.05776,111289.0,0.004227
1756903739.698307,26902468601,1756903739559,111255.2,0.673208,111255.3,0.612245,111255.0,0.125199,111255.6,0.0054,111254.9,0.034216,111260.1,0.0016,111254.3,0.0036,111260.2,0.10482,111253.6,0.090108,111260.3,0.089611,111253.5,1.080873,111260.4,0.049121,111250.2,0.0016,111260.7,0.209069,111250.1,0.004227,111261.4,0.005399,111250.0,0.227045,111262.0,0.07702,111249.8,0.184127,111262.5,0.896746,111249.6,0.120032,111262.8,0.027028,111249.5,0.057768,111263.2,0.001514,111249.0,0.004227,111265.5,0.004227,111248.0,0.004227,111265.7,0.039544,111247.9,0.002,111266.1,0.184127,111247.7,0.914726,111266.2,0.896746,111247.0,0.004227,111266.4,0.108807,111246.9,0.001348,111266.5,0.104108,111246.1,0.0044,111267.0,0.004319,111246.0,0.184127,111267.4,0.01797
1756903739.8130636,26902468618,1756903739673,111255.2,0.673208,111255.3,0.612245,111255.0,0.125199,111255.6,0.0054,111254.9,0.034216,111260.1,0.091211,111254.3,0.0036,111260.2,0.077457,111253.6,0.090108,111260.4,0.049121,111253.5,1.080873,111260.7,0.209069,111250.2,0.0016,111261.4,0.005399,111250.1,0.004227,111262.0,0.07702,111250.0,0.227045,111262.5,0.896746,111249.8,0.184127,111262.8,0.027028,111249.6,0.120032,111263.2,0.001514,111249.5,0.057768,111265.5,0.004227,111249.0,0.004227,111265.7,0.039544,111248.0,0.004227,111266.1,0.184127,111247.9,0.002,111266.2,0.896746,111247.7,0.914726,111266.4,0.108807,111247.0,0.004227,111266.5,0.104108,111246.9,0.001348,111267.0,0.004319,111246.1,0.0044,111267.4,0.01797,111246.0,0.184127,111267.5,0.000895
1756903739.92422,26902468659,1756903739784,111255.2,0.673208,111255.3,0.612245,111255.0,0.125199,111255.6,0.0054,111254.9,0.034216,111260.1,0.091211,111254.3,0.0036,111260.2,0.077457,111253.6,0.090108,111260.4,0.049121,111253.5,1.080873,111260.7,0.209069,111250.2,0.0016,111261.4,0.005399,111250.1,0.004227,111262.0,0.07702,111250.0,0.227045,111262.5,0.896746,111249.8,0.184127,111262.8,0.027028,111249.6,0.120032,111263.2,0.001514,111249.5,0.057768,111265.5,0.004227,111249.0,0.004227,111265.7,0.039544,111248.0,0.004227,111266.1,0.184127,111247.9,0.002,111266.2,0.896746,111247.7,0.914726,111266.4,0.108807,111247.0,0.004227,111266.5,0.104108,111246.9,0.001348,111267.0,0.004319,111246.1,0.0044,111267.4,0.01797,111246.0,0.184127,111267.5,0.000895
1756903740.0472045,26902468667,1756903739907,111255.2,0.673208,111255.3,0.612245,111255.0,0.125199,111255.6,0.0054,111254.9,0.034216,111260.1,0.091211,111254.3,0.0036,111260.2,0.077457,111253.6,0.090108,111260.4,0.049121,111253.5,1.080873,111260.7,0.209069,111250.2,0.0016,111261.4,0.005399,111250.1,0.004227,111262.0,0.07702,111250.0,0.227045,111262.5,0.896746,111249.8,0.184127,111262.8,0.027028,111249.6,0.120032,111263.2,0.001514,111249.5,0.057768,111265.5,0.004227,111249.0,0.004227,111265.7,0.039544,111248.0,0.004227,111266.1,0.184127,111247.9,0.002,111266.2,0.896746,111247.7,0.914726,111266.4,0.108807,111247.0,0.004227,111266.5,0.104108,111246.9,0.001348,111267.0,0.004319,111246.1,0.0044,111267.4,0.01797,111246.0,0.184127,111267.5,0.000895
1756903740.1476262,26902468673,1756903740008,111255.2,0.673208,111255.3,0.612245,111255.0,0.125199,111255.6,0.0054,111254.9,0.034216,111260.1,0.091211,111254.3,0.0036,111260.2,0.077457,111253.6,0.090108,111260.4,0.049121,111253.5,1.080873,111260.7,0.209069,111250.2,0.0016,111261.4,0.005399,111250.1,0.004227,111262.0,0.07702,111250.0,0.227045,111262.5,0.896746,111249.8,0.184127,111262.8,0.027028,111249.6,0.120032,111263.2,0.001514,111249.5,0.057768,111265.5,0.004227,111249.0,0.004227,111265.7,0.039544,111248.0,0.004227,111266.1,0.184127,111247.9,0.002,111266.2,0.896746,111247.7,0.914726,111266.4,0.108807,111247.0,0.004227,111266.5,0.104108,111246.9,0.001348,111267.0,0.004319,111246.1,0.0044,111267.4,0.01797,111246.0,0.184127,111267.5,0.000895
1756903740.2514853,26902468763,1756903740111,111255.2,0.673208,111255.3,0.612245,111255.0,0.125199,111255.6,0.0054,111254.9,0.034216,111260.1,0.091211,111254.3,0.0036,111260.2,0.077457,111253.6,0.090108,111260.4,0.049121,111253.5,1.080873,111260.7,0.209069,111250.2,0.0016,111261.4,0.005399,111250.1,0.004227,111262.0,0.07702,111250.0,0.227045,111262.5,0.896746,111249.8,0.184127,111262.8,0.027028,111249.6,0.120032,111263.2,0.001514,111249.5,0.057768,111265.5,0.004227,111249.0,0.004227,111265.7,0.039544,111248.0,0.004227,111266.1,0.184127,111247.9,0.002,111266.2,0.896746,111247.7,0.914726,111266.4,0.108807,111247.0,0.004227,111266.5,0.090108,111246.9,0.001348,111267.0,0.004319,111246.1,0.0044,111267.4,0.01797,111246.0,0.184127,111267.5,0.000895
1756903740.3538182,26902468777,1756903740212,111255.2,0.673208,111255.3,0.612245,111255.0,0.125199,111255.6,0.0054,111254.9,0.034216,111260.1,0.091211,111254.3,0.0036,111260.2,0.077457,111253.6,0.090108,111260.4,0.049121,111253.5,1.080873,111260.7,0.209069,111250.2,0.0016,111261.4,0.005399,111250.1,0.004227,111262.0,0.07702,111250.0,0.227045,111262.5,0.896746,111249.8,0.184127,111262.8,0.027028,111249.6,0.120032,111263.3,0.001692,111249.5,0.002,111265.5,0.004227,111249.0,0.004227,111265.7,0.039544,111248.0,0.004227,111266.1,0.184127,111247.9,0.002,111266.2,0.896746,111247.7,0.914726,111266.4,0.108807,111247.0,0.004227,111266.5,0.100108,111246.9,0.001348,111267.0,0.004319,111246.1,0.0044,111267.4,0.01797,111246.0,0.184127,111267.5,0.000895
1756903740.453033,26902468792,1756903740313,111255.2,0.673208,111255.3,0.612245,111255.0,0.125199,111255.6,0.0054,111254.9,0.034216,111260.1,0.091211,111254.3,0.0036,111260.2,0.077457,111253.6,0.090108,111260.4,0.049121,111253.5,1.080873,111260.7,0.209069,111250.2,0.0016,111261.4,0.005399,111250.1,0.004227,111262.0,0.07702,111250.0,0.227045,111262.5,0.896746,111249.8,0.184127,111262.8,0.027028,111249.6,0.120032,111263.3,0.001692,111249.5,0.002,111265.5,0.004227,111249.0,0.004227,111265.7,0.039544,111248.0,0.004227,111266.1,0.184127,111247.9,0.002,111266.2,0.896746,111247.7,0.914726,111266.4,0.108807,111247.0,0.004227,111266.5,0.104108,111246.9,0.001348,111267.0,0.004319,111246.1,0.0044,111267.4,0.01797,111246.0,0.184127,111267.5,0.000895
1756903740.5592952,26902468799,1756903740419,111255.2,0.673208,111255.3,0.612245,111255.0,0.125199,111255.6,0.0054,111254.9,0.034216,111260.1,0.091211,111254.3,0.0036,111260.2,0.077457,111253.6,0.090108,111260.4,0.049121,111253.5,1.080873,111260.7,0.209069,111250.2,0.0016,111261.4,0.005399,111250.1,0.004227,111262.0,0.07702,111250.0,0.227045,111262.5,0.896746,111249.8,0.184127,111262.8,0.027028,111249.6,0.120032,111263.3,0.001692,111249.5,0.002,111265.5,0.004227,111249.0,0.004227,111265.7,0.039544,111248.0,0.004227,111266.1,0.184127,111247.9,0.002,111266.2,0.896746,111247.7,0.914726,111266.4,0.108807,111247.0,0.004227,111266.5,0.104108,111246.9,0.001348,111267.0,0.004319,111246.1,0.0044,111267.4,0.01797,111246.0,0.184127,111267.5,0.000895
1756903740.6726768,26902468819,1756903740531,111255.2,0.673208,111255.3,0.612245,111255.0,0.125199,111255.6,0.0054,111254.9,0.034216,111260.1,0.091211,111254.3,0.0036,111260.2,0.077457,111253.6,0.090108,111260.4,0.049121,111253.5,1.080873,111260.7,0.209069,111250.2,0.0016,111261.4,0.005399,111250.1,0.004227,111262.0,0.07702,111250.0,0.227045,111262.5,0.896746,111249.8,0.184127,111262.8,0.027028,111249.6,0.120032,111263.3,0.001692,111249.5,0.002,111265.5,0.004227,111249.0,0.004227,111265.7,0.039544,111248.0,0.004227,111266.1,0.184127,111247.9,0.002,111266.2,0.896746,111247.7,0.914726,111266.4,0.108807,111247.0,0.004227,111266.5,0.104108,111246.9,0.001348,111267.0,0.004319,111246.1,0.0044,111267.4,0.01797,111246.0,0.184127,111267.5,0.000895
1756903740.776571,26902468876,1756903740636,111255.2,0.673208,111255.3,0.520359,111255.1,0.049121,111255.6,0.0054,111255.0,0.125199,111260.1,0.091211,111254.9,0.034216,111260.2,0.077457,111254.3,0.0036,111260.4,0.049121,111253.6,0.090108,111260.7,0.209069,111253.5,1.080873,111261.4,0.005399,111250.2,0.0016,111262.0,0.07702,111250.1,0.004227,111262.5,0.896746,111250.0,0.227045,111262.8,0.027028,111249.8,0.184127,111263.3,0.001692,111249.6,0.120032,111265.5,0.004227,111249.5,0.002,111265.7,0.039544,111249.0,0.004227,111266.1,0.184127,111248.0,0.004227,111266.2,0.896746,111247.9,0.002,111266.4,0.108807,111247.7,0.914726,111266.5,0.104108,111247.0,0.004227,111267.0,0.004319,111246.9,0.001348,111267.4,0.01797,111246.1,0.0044,111267.5,0.000895
1756903740.8791063,26902468889,1756903740739,111255.2,0.673208,111255.3,0.520359,111255.1,0.049121,111255.6,0.0054,111255.0,0.125199,111260.1,0.091211,111254.9,0.034216,111260.2,0.077457,111254.3,0.0036,111260.4,0.049121,111253.6,0.090108,111260.7,0.209069,111253.5,1.080873,111261.4,0.005399,111250.2,0.0016,111262.0,0.07702,111250.1,0.004227,111262.5,0.896746,111250.0,0.227045,111262.8,0.027028,111249.8,0.184127,111263.3,0.0016,111249.6,0.120032,111265.5,0.004227,111249.5,0.002,111265.7,0.039544,111249.0,0.004227,111266.1,0.184127,111248.0,0.004227,111266.2,0.896746,111247.9,0.002,111266.4,0.108807,111247.7,0.914726,111266.5,0.104108,111247.0,0.004227,111267.0,0.004319,111246.9,0.001348,111267.4,0.01797,111246.1,0.0044,111267.5,0.000895
1756903741.016239,26902468939,1756903740873,111255.2,0.673208,111255.3,0.612245,111255.0,0.125199,111255.6,0.0054,111254.9,0.034216,111260.1,0.091211,111254.3,0.0036,111260.2,0.077457,111253.6,0.090108,111260.4,0.049121,111253.5,1.080873,111260.7,0.209069,111250.2,0.0016,111261.4,0.005399,111250.1,0.004227,111262.0,0.07702,111250.0,0.227045,111262.5,0.896746,111249.8,0.184127,111262.8,0.027028,111249.6,0.120032,111263.3,0.0016,111249.5,0.002,111265.5,0.004227,111249.0,0.004227,111265.7,0.039544,111248.0,0.004227,111266.1,0.184127,111247.9,0.002,111266.2,0.896746,111247.7,0.914726,111266.4,0.108807,111247.0,0.004227,111266.5,0.104108,111246.9,0.001348,111267.0,0.004319,111246.1,0.0044,111267.4,0.01797,111246.0,0.184127,111267.5,0.000895
1756903741.1526735,26902468947,1756903741011,111255.2,0.673208,111255.3,0.612245,111255.0,0.125199,111255.6,0.0054,111254.9,0.034216,111260.1,0.091211,111254.3,0.0036,111260.2,0.077457,111253.6,0.090108,111260.4,0.049121,111253.5,1.080873,111260.7,0.209069,111250.2,0.0016,111261.4,0.005399,111250.1,0.004227,111262.0,0.07702,111250.0,0.227045,111262.5,0.896746,111249.8,0.184127,111262.8,0.027028,111249.6,0.120032,111263.3,0.0016,111249.5,0.002,111265.5,0.004227,111249.0,0.004227,111265.7,0.039544,111248.0,0.004227,111266.1,0.184127,111247.9,0.002,111266.2,0.896746,111247.7,0.914726,111266.4,0.108807,111247.0,0.004227,111266.5,0.104108,111246.9,0.001348,111267.0,0.004319,111246.1,0.0044,111267.4,0.01797,111246.0,0.184127,111267.5,0.000895
1756903741.2534347,26902469036,1756903741112,111255.2,0.673208,111255.3,0.612245,111255.0,0.125199,111255.6,0.0054,111254.9,0.034216,111260.1,0.091211,111254.3,0.0036,111260.2,0.077457,111253.5,1.080873,111260.4,0.049121,111250.2,0.0016,111260.7,0.209069,111250.1,0.004227,111261.4,0.005399,111250.0,0.227045,111262.0,0.07702,111249.8,0.184127,111262.5,0.896746,111249.6,0.120032,111262.8,0.027028,111249.5,0.002,111263.3,0.0016,111249.0,0.004227,111265.5,0.004227,111248.0,0.004227,111265.7,0.039544,111247.9,0.002,111266.1,0.184127,111247.7,0.914726,111266.2,0.896746,111247.0,0.004227,111266.4,0.108807,111246.9,0.001348,111266.5,0.090108,111246.1,0.0044,111267.0,0.004319,111246.0,0.184127,111267.4,0.01797,111245.7,0.038327,111267.5,0.000895
1756903741.3573892,26902469168,1756903741218,111255.2,0.019638,111255.3,0.947155,111255.0,0.076249,111255.6,0.0054,111254.9,0.004147,111256.8,0.005399,111254.3,0.0036,111258.7,0.896746,111253.5,0.896746,111260.1,0.091211,111250.2,0.0016,111260.2,0.077457,111249.8,0.184127,111260.4,0.049121,111249.6,0.12456,111260.7,0.209069,111249.5,0.006227,111261.8,0.125356,111249.1,0.179741,111261.9,0.184127,111248.0,0.004227,111262.5,0.896746,111247.9,0.002,111263.2,0.010496,111247.7,0.896746,111263.3,0.0016,111247.0,0.004227,111263.6,0.000895,111246.9,0.001348,111264.4,0.004227,111246.3,0.027554,111265.4,0.026957,111246.0,0.184127,111265.7,0.039544,111245.7,0.038327,111266.0,0.004227,111244.2,0.00014,111266.1,0.184127,111244.0,0.0044,111266.2,0.896746
1756903741.460654,26902469244,1756903741319,111255.2,0.062993,111255.3,1.252928,111255.0,0.118618,111255.6,0.0054,111254.9,0.004147,111257.1,0.004499,111254.3,0.0036,111257.5,0.004227,111250.2,0.0016,111258.5,0.118301,111249.8,0.184127,111258.6,0.089611,111249.6,0.12456,111258.7,0.896746,111249.5,0.002,111258.8,0.044937,111247.9,0.002,111259.0,0.004227,111247.7,0.896746,111260.0,0.004227,111246.9,0.001348,111260.1,0.0016,111246.3,0.027554,111260.4,0.049121,111246.1,0.179743,111260.7,0.209069,111246.0,0.184127,111261.0,0.004227,111245.7,0.038327,111261.8,0.125356,111244.2,0.00014,111261.9,0.202107,111243.9,0.0862,111262.5,0.896746,111243.5,0.000898,111263.2,0.005997,111243.3,1.080873,111263.4,0.001503,111243.2,0.209049,111264.1,0.01798
1756903741.5664032,26902469279,1756903741426,111255.2,0.062993,111255.3,1.485454,111255.0,0.076249,111255.6,0.0054,111254.9,0.004147,111256.2,0.044938,111254.3,0.0036,111257.1,0.004499,111249.9,0.0016,111257.4,0.0016,111249.8,0.184127,111257.5,0.005122,111249.6,0.12456,111258.5,0.079993,111249.5,0.002,111258.6,0.273738,111247.9,0.002,111258.7,0.896746,111247.7,0.896746,111259.0,0.004227,111246.9,0.001348,111260.0,0.004227,111246.3,0.027554,111260.4,0.049121,111246.1,0.179743,111260.7,0.209069,111246.0,0.184127,111261.0,0.004227,111245.7,0.038327,111261.8,0.088226,111244.2,0.00014,111261.9,0.202107,111243.9,0.138139,111262.5,0.896746,111243.5,0.000898,111263.2,0.005997,111243.3,1.080873,111263.4,0.001503,111243.2,0.209049,111263.9,0.08988
1756903741.6669316,26902469307,1756903741527,111255.2,0.019638,111255.3,1.59426,111255.0,0.076249,111255.6,0.0054,111254.9,0.004147,111256.2,0.044938,111254.5,0.04011,111257.1,0.004499,111254.3,0.0036,111257.4,0.0016,111249.9,0.0016,111257.5,0.005122,111249.8,0.184127,111258.5,0.079993,111249.6,0.12456,111258.6,0.273738,111249.5,0.002,111258.7,0.896746,111248.0,0.179743,111259.0,0.004227,111247.9,0.002,111260.0,0.004227,111247.7,0.896746,111260.4,0.049121,111246.9,0.001348,111260.7,0.209069,111246.3,0.027554,111261.0,0.004227,111246.0,0.184127,111261.8,0.088226,111245.7,0.038327,111261.9,0.202107,111244.2,0.00014,111262.5,0.896746,111243.9,0.138139,111263.2,0.005997,111243.5,0.000898,111263.4,0.001503,111243.3,1.080873,111263.9,0.08988
1756903741.77205,26902469372,1756903741630,111255.2,0.019638,111255.3,1.59426,111255.0,0.076249,111255.6,0.0054,111254.9,0.004147,111256.2,0.044938,111254.3,0.0036,111257.1,0.004499,111254.0,0.04084,111257.4,0.0016,111249.9,0.0016,111257.5,0.005122,111249.8,0.184127,111258.5,0.079993,111249.6,0.12456,111258.6,0.273738,111249.5,0.002,111258.7,0.896746,111248.0,0.179743,111259.0,0.004227,111247.9,0.002,111260.0,0.004227,111247.7,0.896746,111260.4,0.049121,111246.9,0.001348,111260.7,0.209069,111246.3,0.027554,111261.0,0.004227,111246.0,0.184127,111261.8,0.088226,111245.7,0.038327,111261.9,0.202107,111244.2,0.00014,111262.5,0.896746,111243.9,0.138139,111263.2,0.005997,111243.5,0.000898,111263.4,0.001503,111243.3,1.080873,111263.9,0.08988
1756903741.8805664,26902469385,1756903741739,111255.2,0.053869,111255.3,1.59426,111255.0,0.076249,111255.6,0.0054,111254.9,0.004147,111256.2,0.044938,111254.3,0.0036,111257.4,0.0016,111254.0,0.04084,111257.5,0.005122,111249.9,0.0016,111258.5,0.079993,111249.8,0.184127,111258.6,0.273738,111249.6,0.12456,111258.7,0.896746,111249.5,0.002,111259.0,0.004227,111248.0,0.179743,111259.3,0.004499,111247.9,0.002,111260.0,0.004227,111247.7,0.896746,111260.4,0.049121,111246.9,0.001348,111260.7,0.209069,111246.3,0.027554,111261.0,0.004227,111246.0,0.184127,111261.8,0.088226,111245.7,0.038327,111261.9,0.202107,111244.2,0.00014,111262.5,0.896746,111243.9,0.138139,111263.2,0.005997,111243.5,0.000898,111263.4,0.001503,111243.3,1.080873,111263.9,0.08988
1756903741.9877763,26902469432,1756903741843,111255.2,0.053869,111255.3,1.59426,111255.0,0.076249,111255.6,0.0054,111254.9,0.004147,111256.2,0.044938,111254.3,0.0036,111257.4,0.0016,111254.0,0.04084,111257.5,0.005122,111249.9,0.0016,111258.5,0.079993,111249.8,0.184127,111258.6,0.273738,111249.6,0.12456,111258.7,0.896746,111249.5,0.002,111259.0,0.004227,111248.0,0.179743,111259.3,0.004499,111247.9,0.002,111260.0,0.004227,111247.7,0.896746,111260.4,0.049121,111246.9,0.001348,111260.7,0.209069,111246.3,0.027554,111261.0,0.004227,111246.0,0.184127,111261.8,0.088226,111245.7,0.038327,111261.9,0.202107,111244.2,0.00014,111262.5,0.896746,111243.9,0.138139,111263.2,0.005997,111243.5,0.000898,111263.4,0.001602,111243.3,1.080873,111263.9,0.08988
1756903742.1100726,26902469446,1756903741970,111255.2,0.053869,111255.3,1.59426,111255.0,0.076249,111255.6,0.0054,111254.9,0.004147,111256.2,0.044938,111254.3,0.0036,111257.4,0.0016,111254.0,0.04084,111257.5,0.005122,111249.9,0.0016,111258.5,0.079993,111249.8,0.184127,111258.6,0.273738,111249.6,0.12456,111258.7,0.896746,111249.5,0.002,111259.0,0.004227,111248.0,0.179743,111259.3,0.004499,111247.9,0.002,111260.0,0.004227,111247.7,0.896746,111260.4,0.049121,111246.9,0.001348,111260.7,0.209069,111246.3,0.027554,111261.0,0.004227,111246.0,0.184127,111261.8,0.088226,111245.7,0.038327,111261.9,0.202107,111244.2,0.00014,111262.5,0.896746,111243.9,0.138139,111263.2,0.005997,111243.5,0.000898,111263.4,0.001602,111243.3,1.080873,111263.9,0.08988
1756903742.213152,26902469471,1756903742072,111255.2,0.019638,111255.3,1.803309,111255.0,0.076249,111255.6,0.0054,111254.9,0.004147,111256.2,0.044938,111254.3,0.0036,111257.4,0.0016,111254.0,0.04084,111257.5,0.005122,111249.9,0.0016,111258.5,0.019027,111249.8,0.184127,111258.6,0.273738,111249.6,0.12456,111258.7,0.896746,111249.5,0.002,111259.0,0.004227,111248.0,0.179743,111259.1,0.001348,111247.9,0.002,111259.3,0.004499,111247.7,0.896746,111260.0,0.004227,111246.3,0.027554,111260.4,0.049121,111246.0,0.184127,111261.0,0.004227,111245.7,0.038327,111261.8,0.088226,111243.9,0.138139,111261.9,0.202107,111243.3,1.080873,111262.5,0.897644,111243.2,0.209049,111263.2,0.005997,111242.6,0.004227,111263.4,0.001602,111241.4,0.012199,111263.9,0.08988
1756903742.3265293,26902469574,1756903742188,111255.2,0.019638,111255.3,1.623539,111255.0,0.076249,111255.6,0.0054,111254.9,0.004147,111256.1,0.034525,111254.3,0.0036,111256.2,0.044938,111254.0,0.04084,111257.4,0.0016,111249.9,0.0016,111257.5,0.005122,111249.8,0.184127,111258.6,0.273738,111249.6,0.12456,111258.7,0.896746,111249.5,0.002,111259.0,0.004227,111248.0,0.179743,111259.1,0.001348,111247.9,0.002,111259.3,0.004499,111247.7,0.896746,111260.0,0.004227,111246.3,0.027554,111260.4,0.049121,111246.0,0.184127,111261.0,0.004227,111245.7,0.038327,111261.8,0.088226,111244.3,0.00014,111261.9,0.202107,111243.9,0.138139,111262.5,0.897644,111243.3,1.080873,111263.4,0.001602,111243.2,0.209049,111265.7,0.039544,111242.6,0.004227,111266.1,0.184127
1756903742.4271188,26902469590,1756903742288,111255.2,0.019638,111255.3,1.713429,111255.0,0.076249,111255.6,0.0054,111254.9,0.004147,111256.1,0.034525,111254.3,0.0036,111256.2,0.044938,111254.0,0.04084,111257.4,0.0016,111249.9,0.0016,111257.5,0.005122,111249.8,0.184127,111258.6,0.273738,111249.6,0.12456,111258.7,0.896746,111249.5,0.002,111259.0,0.004227,111248.0,0.179743,111259.1,0.001348,111247.9,0.002,111259.3,0.004499,111247.7,0.896746,111260.0,0.004227,111246.3,0.027554,111260.4,0.049121,111246.0,0.184127,111261.0,0.004227,111245.7,0.038327,111261.8,0.12258,111244.3,0.00014,111261.9,0.202107,111243.9,0.138139,111262.5,0.897644,111243.3,1.080873,111263.4,0.001602,111243.2,0.209049,111263.9,0.08988,111242.6,0.004227,111264.1,0.01798
1756903742.5361671,26902469616,1756903742394,111255.2,0.055473,111255.3,1.65364,111255.0,0.076249,111255.6,0.0054,111254.9,0.004147,111256.1,0.034525,111254.3,0.0036,111256.2,0.044938,111254.0,0.04084,111257.4,0.0016,111249.9,0.0016,111257.5,0.005122,111249.8,0.184127,111258.6,0.273738,111249.6,0.11932,111258.7,0.896746,111249.5,0.002,111259.0,0.004227,111247.9,0.002,111259.1,0.001348,111247.7,0.896746,111259.3,0.004499,111246.4,0.17974,111260.0,0.004227,111246.3,0.027554,111260.4,0.049121,111246.0,0.184127,111261.0,0.004227,111245.7,0.038327,111261.8,0.12258,111244.3,0.00014,111261.9,0.202107,111243.9,0.138139,111262.5,0.897644,111243.3,1.080873,111262.6,0.001631,111243.2,0.209049,111263.9,0.08988,111242.6,0.004227,111264.1,0.01798
1756903742.6441076,26902469631,1756903742503,111255.2,0.055473,111255.3,1.65364,111255.0,0.076249,111255.6,0.0054,111254.9,0.004147,111256.1,0.034525,111254.3,0.0036,111256.2,0.044938,111254.0,0.04084,111257.4,0.0016,111249.9,0.0016,111257.5,0.005122,111249.8,0.184127,111258.6,0.273738,111249.6,0.11932,111258.7,0.896746,111249.5,0.002,111259.0,0.004227,111247.9,0.002,111259.1,0.001348,111247.8,0.17974,111260.0,0.004227,111247.7,0.896746,111260.4,0.049121,111246.3,0.027554,111261.0,0.004227,111246.0,0.184127,111261.8,0.12258,111245.7,0.038327,111261.9,0.202107,111244.3,0.00014,111262.5,0.897644,111243.9,0.138139,111262.6,0.001631,111243.3,1.080873,111263.9,0.08988,111243.2,0.209049,111264.1,0.01798,111242.6,0.004227,111265.7,0.039544
1756903742.7504504,26902469696,1756903742608,111255.2,0.055473,111255.3,1.647744,111255.0,0.076249,111255.6,0.0054,111254.9,0.004147,111257.4,0.0016,111254.3,0.0036,111257.5,0.005122,111254.0,0.04084,111258.5,0.00599,111249.9,0.0016,111258.6,0.273738,111249.8,0.184127,111258.7,0.941683,111249.6,0.11932,111259.0,0.004227,111249.5,0.002,111259.1,0.001348,111247.9,0.002,111260.0,0.004227,111247.8,0.17974,111261.0,0.004227,111247.7,0.896746,111261.5,0.004499,111246.3,0.027554,111261.8,0.12258,111246.0,0.184127,111261.9,0.202107,111245.7,0.038327,111262.5,0.897644,111244.3,0.00014,111262.6,0.001631,111243.9,0.138139,111263.9,0.08988,111243.3,1.080873,111264.1,0.01798,111243.2,0.209049,111265.1,1.063097,111242.6,0.004227,111265.7,0.039544
1756903742.8664937,26902469711,1756903742724,111255.2,0.055473,111255.3,1.647744,111255.0,0.076249,111255.6,0.0054,111254.9,0.004147,111257.4,0.0016,111254.3,0.0036,111257.5,0.005122,111254.0,0.04084,111258.5,0.00599,111249.9,0.0016,111258.6,0.273738,111249.8,0.184127,111258.7,0.941683,111249.6,0.11932,111259.0,0.004227,111249.5,0.002,111259.1,0.001348,111248.0,0.17974,111260.0,0.004227,111247.9,0.002,111261.0,0.004227,111247.7,0.896746,111261.5,0.004499,111246.3,0.027554,111261.8,0.12258,111246.0,0.184127,111261.9,0.202107,111245.7,0.038327,111262.5,0.897644,111244.3,0.00014,111262.6,0.001631,111243.9,0.138139,111263.9,0.08988,111243.3,1.080873,111264.1,0.01798,111243.2,0.209049,111265.1,1.063097,111242.6,0.004227,111265.7,0.039544
1756903742.9683993,26902469762,1756903742827,111255.2,0.055473,111255.3,1.647744,111255.0,0.076249,111255.6,0.0054,111254.9,0.004147,111257.4,0.0016,111254.3,0.0036,111257.5,0.005122,111254.0,0.04084,111258.5,0.15378,111249.9,0.0016,111258.6,0.184127,111249.8,0.184127,111258.7,0.941683,111249.6,0.11932,111259.0,0.004227,111249.5,0.002,111259.1,0.001348,111248.0,0.17974,111260.0,0.004227,111247.9,0.002,111261.0,0.004227,111247.7,0.896746,111261.5,0.004499,111246.3,0.027554,111261.8,0.12258,111246.0,0.184127,111261.9,0.202107,111245.7,0.038327,111262.5,0.897644,111244.3,0.00014,111262.6,0.001631,111243.9,0.138139,111263.9,0.08988,111243.3,1.080873,111264.1,0.01798,111243.2,0.209049,111265.1,1.063097,111242.6,0.004227,111265.7,0.039544
1756903743.0796196,26902469770,1756903742941,111255.2,0.055473,111255.3,1.647773,111255.0,0.076249,111255.6,0.0054,111254.9,0.004147,111257.4,0.0016,111254.3,0.0036,111257.5,0.005122,111254.0,0.04084,111258.5,0.15378,111249.9,0.0016,111258.6,0.184127,111249.8,0.184127,111258.7,0.941683,111249.6,0.11932,111259.0,0.004227,111249.5,0.002,111259.1,0.001348,111248.0,0.17974,111260.0,0.004227,111247.9,0.002,111261.0,0.004227,111247.7,0.896746,111261.5,0.004499,111246.3,0.027554,111261.8,0.12258,111246.0,0.184127,111261.9,0.202107,111245.7,0.038327,111262.5,0.897644,111244.3,0.00014,111262.6,0.001439,111243.9,0.138139,111263.9,0.08988,111243.3,1.080873,111264.1,0.01798,111243.2,0.209049,111265.1,1.063097,111242.6,0.004227,111265.7,0.039544
1756903743.1996236,26902469792,1756903743059,111255.2,0.055473,111255.3,1.628847,111255.0,0.076249,111255.6,0.0054,111254.9,0.004147,111257.4,0.0016,111254.3,0.0036,111257.5,0.005122,111254.0,0.04084,111258.5,0.15378,111249.9,0.0016,111258.6,0.184127,111249.8,0.184127,111258.7,0.941683,111249.6,0.11932,111259.0,0.004227,111249.5,0.002,111259.1,0.001348,111247.9,0.002,111260.0,0.004227,111247.8,0.17974,111261.0,0.004227,111247.7,0.896746,111261.5,0.004499,111246.3,0.027554,111261.8,0.12258,111246.0,0.184127,111261.9,0.202107,111245.7,0.038327,111262.5,0.897644,111243.9,0.138139,111262.6,0.001439,111243.3,1.080873,111263.9,0.08988,111243.2,0.209049,111264.1,0.01798,111242.6,0.004227,111265.1,1.063097,111241.4,0.012199,111265.7,0.039544
1756903743.3105066,26902469890,1756903743170,111255.2,0.055473,111255.3,1.697827,111255.0,0.076249,111255.6,0.0054,111254.9,0.004147,111257.4,0.0016,111254.3,0.0036,111257.5,0.005122,111254.0,0.04084,111258.5,0.15378,111249.9,0.0016,111258.6,0.184127,111249.8,0.184127,111258.7,0.896746,111249.6,0.11932,111259.0,0.004227,111249.5,0.002,111259.1,0.001348,111247.9,0.002,111260.0,0.004227,111247.8,0.179736,111261.0,0.004227,111247.7,0.896746,111261.5,0.004499,111246.3,0.027554,111261.8,0.12258,111246.0,0.184127,111261.9,0.202107,111245.7,0.038327,111262.5,0.897644,111244.3,0.0001,111262.6,0.001439,111243.9,0.138139,111263.9,0.08988,111243.3,1.080873,111264.1,0.01798,111243.2,0.209049,111265.1,1.063097,111242.6,0.004227,111265.7,0.039544
1756903743.4407318,26902469906,1756903743299,111255.2,0.055473,111255.3,1.697827,111255.0,0.076249,111255.6,0.0054,111254.9,0.004147,111257.4,0.0016,111254.3,0.0036,111257.5,0.005122,111254.0,0.04084,111258.5,0.15378,111249.9,0.0016,111258.6,0.184127,111249.8,0.184127,111258.7,0.896746,111249.6,0.11932,111259.0,0.004227,111249.5,0.002,111259.1,0.001348,111247.9,0.002,111260.0,0.004227,111247.8,0.179736,111261.0,0.004227,111247.7,0.896746,111261.5,0.004499,111246.3,0.027554,111261.8,0.12258,111246.0,0.184127,111261.9,0.202107,111245.7,0.038327,111262.5,0.897644,111244.3,0.0001,111262.6,0.001439,111243.9,0.138139,111263.9,0.08988,111243.3,1.080873,111264.1,0.01798,111243.2,0.209049,111265.1,1.063097,111242.6,0.004227,111265.7,0.039544
1756903743.5458539,26902469921,1756903743406,111255.2,0.055473,111255.3,1.697827,111255.0,0.076249,111255.6,0.0054,111254.9,0.004147,111257.4,0.0016,111254.3,0.0036,111257.5,0.005122,111254.0,0.04084,111258.5,0.15378,111249.9,0.0016,111258.6,0.184127,111249.8,0.184127,111258.7,0.896746,111249.6,0.11932,111259.0,0.004227,111249.5,0.002,111259.1,0.001348,111247.9,0.002,111260.0,0.004227,111247.7,0.896746,111261.0,0.004227,111246.4,0.179736,111261.5,0.004499,111246.3,0.027554,111261.8,0.12258,111246.0,0.184127,111261.9,0.202107,111245.7,0.038327,111262.5,0.897644,111244.3,0.0001,111262.6,0.001439,111243.9,0.138139,111263.9,0.08988,111243.3,1.080873,111264.1,0.01798,111243.2,0.209049,111265.1,1.063097,111242.6,0.004227,111265.7,0.039544
1756903743.6711447,26902469950,1756903743519,111255.2,0.055473,111255.3,1.808248,111255.0,0.076249,111255.6,0.0054,111254.9,0.004147,111257.4,0.0016,111254.3,0.0036,111257.5,0.005122,111254.0,0.04084,111258.5,0.15378,111249.9,0.0016,111258.6,0.184127,111249.8,0.184127,111258.7,0.896746,111249.6,0.11932,111259.0,0.004227,111249.5,0.002,111259.1,0.001348,111247.9,0.002,111260.0,0.004227,111247.8,0.179736,111261.0,0.004227,111247.7,0.896746,111261.5,0.004499,111246.3,0.027554,111261.8,0.124259,111246.0,0.184127,111261.9,0.202107,111245.7,0.038327,111262.5,0.897644,111244.3,0.0001,111263.9,0.08988,111243.9,0.138139,111264.1,0.01798,111243.3,1.080873,111265.1,1.063097,111243.2,0.209049,111265.7,0.039544,111242.6,0.004227,111266.1,0.273997
1756903743.7610555,26902469970,1756903743620,111255.2,0.055473,111255.3,1.827174,111255.0,0.076249,111255.6,0.0054,111254.9,0.004147,111257.4,0.0016,111254.3,0.0036,111257.5,0.005122,111254.0,0.04084,111258.5,0.15378,111249.9,0.0016,111258.6,0.184127,111249.8,0.184127,111258.7,0.896746,111249.6,0.086774,111259.0,0.004227,111249.5,0.002,111259.1,0.001348,111248.0,0.179736,111260.0,0.004227,111247.9,0.002,111261.0,0.004227,111247.7,0.896746,111261.5,0.004499,111246.3,0.027554,111261.8,0.124259,111246.0,0.184127,111261.9,0.202107,111245.7,0.038327,111262.5,0.897644,111244.3,0.0001,111263.9,0.08988,111243.9,0.138139,111264.1,0.01798,111243.3,1.080873,111265.1,1.063097,111243.2,0.209049,111265.7,0.039544,111242.6,0.004227,111266.1,0.273997
1756903743.8854463,26902470018,1756903743739,111255.2,0.055473,111255.3,1.827174,111255.0,0.076249,111255.6,0.0054,111254.9,0.004147,111257.4,0.0016,111254.3,0.0036,111257.5,0.005122,111254.0,0.04084,111258.5,0.15378,111249.9,0.0016,111258.6,0.184127,111249.8,0.184127,111258.7,0.896746,111249.6,0.086774,111259.0,0.004227,111249.5,0.002,111259.1,0.001348,111248.0,0.179736,111260.0,0.004227,111247.9,0.002,111261.0,0.004227,111247.7,0.896746,111261.5,0.004499,111246.3,0.027554,111261.8,0.124259,111246.0,0.184127,111261.9,0.202107,111245.7,0.038327,111262.5,0.897644,111244.3,0.0001,111263.9,0.08988,111243.9,0.138139,111264.1,0.01798,111243.3,1.080873,111265.1,1.063097,111243.2,0.209049,111265.7,0.039544,111242.6,0.004227,111266.1,0.273997
1756903743.9994078,26902470065,1756903743856,111255.2,0.055473,111255.3,1.808248,111255.0,0.076249,111255.6,0.0054,111254.9,0.004147,111257.4,0.0016,111254.3,0.0036,111257.5,0.005122,111254.0,0.04084,111258.5,0.15378,111249.9,0.0016,111258.6,0.184127,111249.8,0.184127,111258.7,0.896746,111249.6,0.086774,111259.0,0.004227,111249.5,0.002,111259.1,0.001348,111247.9,0.002,111260.0,0.004227,111247.8,0.179734,111261.0,0.004227,111247.7,0.896746,111261.5,0.004499,111246.3,0.027554,111261.8,0.124259,111246.0,0.184127,111261.9,0.202107,111245.7,0.038327,111262.5,0.897644,111244.3,0.0001,111263.9,0.08988,111243.9,0.138139,111264.1,0.01798,111243.3,1.080873,111265.1,1.063097,111243.2,0.209049,111265.7,0.039544,111242.6,0.004227,111266.1,0.273997
1756903744.1165318,26902470080,1756903743976,111255.2,0.055473,111255.3,1.827174,111255.0,0.076249,111255.6,0.0054,111254.9,0.004147,111257.4,0.0016,111254.3,0.0036,111257.5,0.005122,111254.0,0.04084,111258.5,0.15378,111249.9,0.0016,111258.6,0.184127,111249.8,0.184127,111258.7,0.896746,111249.6,0.086774,111259.0,0.004227,111249.5,0.002,111259.1,0.001348,111248.0,0.179734,111260.0,0.004227,111247.9,0.002,111261.0,0.004227,111247.7,0.896746,111261.5,0.004499,111246.3,0.027554,111261.8,0.124259,111246.0,0.184127,111261.9,0.202107,111245.7,0.038327,111262.5,0.897644,111244.3,0.00014,111263.9,0.08988,111243.9,0.138139,111264.1,0.01798,111243.3,1.080873,111265.1,1.063097,111243.2,0.209049,111265.7,0.039544,111242.6,0.004227,111266.1,0.273997
1756903744.2314227,26902470511,1756903744084,111249.5,0.004395,111249.6,0.969423,111247.9,0.002,111249.7,1.352122,111244.3,8e-05,111250.3,0.000895,111243.9,0.0862,111250.7,0.04494,111243.3,1.080873,111250.9,0.059056,111241.4,0.012199,111251.0,0.004227,111239.2,0.179744,111252.0,0.004227,111239.1,0.002,111253.0,0.004227,111238.7,0.184127,111253.6,0.01798,111238.6,0.000334,111254.3,0.928316,111238.4,0.097912,111254.4,0.192627,111238.2,0.002,111255.2,0.14488,111238.0,0.031867,111255.3,0.140392,111237.9,0.896746,111255.5,0.004499,111236.9,0.001348,111257.7,0.040499,111236.4,0.184127,111258.4,0.026957,111234.3,0.0044,111258.5,0.089611,111234.1,0.000898,111258.6,0.184127,111232.9,1e-05,111258.7,0.896746,111232.2,0.191076,111259.1,0.001348
1756903744.3273091,26902470564,1756903744185,111249.5,0.004395,111249.6,0.971016,111248.9,0.0036,111249.7,1.352122,111247.9,0.002,111250.2,0.0054,111244.3,8e-05,111250.3,0.000895,111243.9,0.0862,111250.7,0.04494,111243.3,1.080873,111250.9,0.059056,111241.4,0.012199,111251.0,0.004227,111241.1,0.0001,111252.0,0.004227,111239.2,0.179744,111253.0,0.004227,111239.1,0.002,111253.3,0.005997,111238.7,0.184127,111253.6,0.01798,111238.6,0.000334,111253.9,0.01798,111238.4,0.097912,111254.2,0.044805,111238.2,0.002,111254.3,0.928316,111238.0,0.031867,111254.4,0.192627,111237.9,0.896746,111255.2,0.105972,111236.9,0.001348,111255.3,0.005929,111236.4,0.184127,111255.5,0.004499,111235.2,0.004227,111256.9,0.08988,111234.3,0.0044,111257.7,0.040499
1756903744.4305334,26902470857,1756903744285,111241.4,0.236259,111241.5,0.858315,111241.1,0.0001,111243.4,0.931719,111239.3,0.109862,111244.3,0.07249,111239.1,0.002,111244.4,0.288111,111238.7,0.184127,111247.5,0.000895,111238.6,0.000334,111248.9,0.004147,111238.4,0.071469,111249.6,0.355278,111238.2,0.002,111249.7,0.986854,111238.0,0.031867,111251.0,0.004227,111237.9,0.896746,111252.0,0.004227,111236.9,0.001348,111253.0,0.004227,111236.5,0.179759,111253.5,0.082018,111236.4,0.184127,111253.6,0.01798,111234.1,0.000898,111253.9,0.01798,111233.6,0.027153,111254.2,0.044805,111232.9,1e-05,111254.3,0.928316,111232.2,0.191076,111254.4,0.192627,111232.1,0.0016,111255.2,0.105972,111231.9,0.184127,111255.3,0.005929,111231.6,0.008,111255.5,0.004499
1756903744.5343995,26902470946,1756903744389,111241.4,0.117735,111241.5,0.940113,111241.1,0.0001,111243.4,0.955791,111239.3,0.055938,111243.9,0.044943,111239.1,0.002,111244.2,0.151174,111238.7,0.184127,111244.4,0.260462,111238.6,0.000334,111247.3,0.005399,111238.4,0.111069,111247.5,0.000895,111238.2,0.002,111248.9,0.004147,111238.0,0.031867,111249.5,0.057531,111237.9,0.896746,111249.6,0.208873,111236.9,0.001348,111249.7,0.986854,111236.4,0.184127,111251.0,0.004227,111234.1,0.000898,111252.0,0.004227,111233.7,0.179759,111252.9,0.026957,111233.1,0.004227,111253.0,0.004227,111232.9,1e-05,111253.3,0.004499,111232.2,0.142843,111253.5,0.059587,111232.1,0.0016,111254.0,0.005997,111232.0,0.004227,111254.3,0.928316,111231.9,0.184127,111254.4,0.192627
1756903744.630579,26902471019,1756903744489,111241.4,0.012199,111241.5,1.394289,111241.1,0.0001,111242.1,0.0054,111240.8,0.0036,111242.3,0.004227,111239.1,0.002,111243.3,0.184127,111238.6,0.000334,111243.4,0.955791,111238.4,0.071469,111243.7,0.005399,111238.2,0.002,111244.0,0.004227,111236.9,0.001348,111244.1,0.236471,111234.1,0.000898,111244.4,0.260462,111233.7,0.179759,111245.0,0.004227,111232.9,1e-05,111246.0,0.004227,111232.2,0.142843,111246.4,0.184127,111232.1,0.0016,111247.5,0.000895,111231.9,0.184127,111248.9,0.004147,111231.6,0.008,111249.5,0.057531,111231.5,0.0044,111249.6,0.204646,111231.2,0.896746,111249.7,0.986854,111230.8,0.004227,111250.0,0.004499,111230.2,0.09829,111252.9,0.026957,111228.5,0.027033,111253.5,0.059587
1756903744.7316039,26902471093,1756903744590,111241.4,0.02852,111241.5,1.375363,111241.1,0.0001,111242.1,0.0054,111240.8,0.0036,111242.2,0.08989,111239.1,0.002,111242.3,0.004227,111238.6,0.000311,111243.3,0.184127,111238.2,0.002,111243.4,0.955791,111236.9,0.001348,111244.0,0.004227,111234.1,0.000898,111244.1,0.236471,111232.9,1e-05,111244.4,0.260462,111232.3,0.179759,111245.0,0.004227,111232.2,0.142843,111245.8,0.018926,111232.1,0.0016,111246.0,0.004227,111231.9,0.184127,111246.4,0.184127,111231.6,0.008,111248.9,0.004147,111231.2,0.896746,111249.5,0.057531,111230.2,0.09829,111249.6,0.204646,111228.5,0.027033,111249.7,0.986854,111228.2,0.004227,111250.0,0.004499,111227.4,0.184127,111250.2,0.040525,111227.0,0.089192,111251.0,0.065875
1756903744.8308325,26902471575,1756903744690,111232.2,0.083376,111232.3,0.92611,111232.1,0.0016,111232.4,1e-06,111232.0,0.166439,111233.0,0.99003,111231.9,0.184127,111234.1,0.142091,111231.6,0.008,111234.2,0.112818,111231.2,0.896746,111237.0,0.255585,111230.2,0.09829,111239.2,0.896746,111229.3,0.004227,111240.8,0.113281,111228.6,0.179759,111240.9,0.184127,111227.4,0.184127,111241.4,0.020349,111227.0,0.097819,111241.5,0.453444,111226.4,0.041551,111241.9,0.043742,111226.0,0.004227,111242.3,0.004227,111224.6,0.184127,111243.1,0.000895,111224.5,0.896746,111243.3,0.184127,111222.5,0.020827,111243.4,0.896746,111222.4,0.002246,111244.0,0.004227,111222.0,0.026275,111244.3,0.147495,111221.1,0.603943,111245.0,0.004227,111220.2,0.055669,111246.0,0.004227
1756903744.939459,26902471683,1756903744800,111232.2,0.136859,111232.3,1.212572,111232.1,0.0016,111232.4,1e-06,111232.0,0.166439,111233.0,0.99003,111231.6,0.0116,111234.0,0.082768,111230.2,0.09829,111234.1,0.03157,111229.4,0.179769,111234.2,0.090108,111229.3,0.004227,111234.9,0.0899,111228.0,0.004227,111237.0,0.046547,111227.4,0.184127,111239.2,0.902145,111227.0,0.097819,111240.8,0.113281,111226.4,0.041551,111240.9,0.184127,111226.0,0.004227,111241.4,0.020349,111224.6,0.184127,111241.5,0.308805,111224.5,0.896746,111241.9,0.043742,111222.5,0.020827,111242.3,0.004227,111222.4,0.002246,111243.1,0.000895,111222.0,0.026275,111243.3,0.184127,111220.2,0.055669,111243.4,0.896746,111220.1,0.184127,111244.0,0.023153,111217.8,0.896746,111244.3,0.147495
1756903745.0430844,26902471711,1756903744903,111232.2,0.300715,111232.3,1.212572,111232.1,0.0016,111232.4,1e-06,111232.0,0.090741,111232.9,0.0054,111231.6,0.0116,111233.0,0.99003,111230.2,0.09829,111234.0,0.082768,111229.3,0.004227,111234.1,0.03157,111228.0,0.004227,111234.2,0.090108,111227.4,0.184127,111234.9,0.0899,111227.0,0.097819,111237.0,0.046547,111226.4,0.041551,111239.2,0.902145,111226.0,0.004227,111240.8,0.113281,111224.6,0.184127,111240.9,0.184127,111224.5,0.896746,111241.4,0.020349,111222.5,0.020827,111241.5,0.308805,111222.4,0.002246,111241.9,0.043742,111222.0,0.026275,111242.3,0.004227,111220.1,0.393164,111243.1,0.000895,111217.8,0.896746,111243.3,0.184127,111215.9,0.244826,111243.4,0.896746,111215.6,0.184127,111244.0,0.004227
1756903745.1433759,26902471722,1756903745003,111232.2,0.300715,111232.3,1.215572,111232.1,0.0016,111232.4,1e-06,111232.0,0.090741,111232.9,0.0054,111231.6,0.0116,111233.0,0.99003,111230.2,0.09829,111234.0,0.082768,111229.3,0.004227,111234.1,0.03157,111228.0,0.004227,111234.2,0.090108,111227.4,0.184127,111234.9,0.0899,111227.0,0.097819,111237.0,0.046547,111226.4,0.041551,111239.2,0.902145,111226.0,0.004227,111240.8,0.113281,111224.6,0.184127,111240.9,0.184127,111224.5,0.896746,111241.4,0.020349,111222.5,0.020827,111241.5,0.308805,111222.4,0.002246,111241.9,0.043742,111222.0,0.026275,111242.3,0.004227,111220.1,0.393164,111243.1,0.000895,111217.8,0.896746,111243.3,0.184127,111215.9,0.244826,111243.4,0.896746,111215.6,0.184127,111244.0,0.004227
1756903745.2725134,26902471841,1756903745132,111232.2,0.334008,111232.3,1.125672,111232.1,0.0016,111232.4,1e-06,111232.0,0.090741,111232.9,0.0054,111231.6,0.0116,111233.0,0.99003,111230.2,0.09829,111234.0,0.035417,111229.3,0.004227,111234.1,0.03157,111228.0,0.004227,111234.2,0.090108,111227.4,0.184127,111237.0,0.006999,111227.0,0.097819,111239.2,0.896746,111226.4,0.041551,111239.5,0.044944,111226.0,0.004227,111240.7,0.170693,111224.6,0.184127,111240.9,0.184127,111224.5,0.896746,111241.4,0.020349,111222.5,0.020827,111241.5,0.308805,111222.4,0.002246,111241.9,0.043742,111222.0,0.026275,111242.3,0.004227,111221.4,0.00014,111243.1,0.000895,111220.1,0.393164,111243.3,0.184127,111217.8,0.896746,111243.4,0.896746,111215.9,0.244826,111243.6,0.014
1756903745.4023807,26902471865,1756903745260,111232.2,0.334008,111232.3,1.234498,111232.1,0.0016,111232.4,1e-06,111232.0,0.090741,111232.9,0.0054,111231.6,0.0116,111233.0,0.99003,111230.2,0.09829,111234.0,0.061146,111229.3,0.004227,111234.1,0.03157,111228.0,0.004227,111234.2,0.090108,111227.4,0.184127,111234.9,0.0899,111227.0,0.097819,111237.0,0.006999,111226.4,0.041551,111239.1,0.038646,111226.0,0.004227,111239.2,0.896746,111224.6,0.184127,111239.5,0.044944,111224.5,0.896746,111240.7,0.170693,111222.5,0.020827,111240.9,0.184127,111222.4,0.002246,111241.4,0.020349,111222.0,0.026275,111241.5,0.308805,111221.4,0.00014,111241.9,0.043742,111220.1,0.393164,111242.3,0.004227,111217.8,0.896746,111243.1,0.000895,111215.9,0.244826,111243.3,0.184127
1756903745.5331328,26902471876,1756903745392,111232.2,0.334008,111232.3,1.215572,111232.1,0.0016,111232.4,1e-06,111232.0,0.090741,111232.9,0.0054,111231.6,0.0116,111233.0,0.99003,111230.2,0.09829,111234.0,0.061146,111229.3,0.004227,111234.1,0.03157,111228.0,0.004227,111234.2,0.090108,111227.4,0.184127,111234.9,0.0899,111227.0,0.097819,111237.0,0.006999,111226.4,0.041551,111239.1,0.038646,111226.0,0.004227,111239.2,0.896746,111224.6,0.184127,111239.5,0.044944,111224.5,0.896746,111240.7,0.170693,111222.5,0.020827,111240.9,0.184127,111222.4,0.002246,111241.4,0.039275,111222.0,0.026275,111241.5,0.308805,111221.4,0.00014,111241.9,0.043742,111220.1,0.393164,111242.3,0.004227,111217.8,0.896746,111243.1,0.000895,111215.9,0.244826,111243.3,0.184127
1756903745.6421182,26902471884,1756903745501,111232.2,0.334008,111232.3,1.234498,111232.1,0.0016,111232.4,1e-06,111232.0,0.090741,111232.9,0.0054,111231.6,0.0116,111233.0,0.99003,111230.2,0.09829,111234.0,0.061146,111229.3,0.004227,111234.1,0.03157,111228.0,0.004227,111234.2,0.090108,111227.4,0.184127,111234.9,0.0899,111227.0,0.097819,111237.0,0.006999,111226.4,0.041551,111239.1,0.038646,111226.0,0.004227,111239.2,0.896746,111224.6,0.184127,111239.5,0.044944,111224.5,0.896746,111240.7,0.170693,111222.5,0.020827,111240.9,0.184127,111222.4,0.002246,111241.4,0.020349,111222.0,0.026275,111241.5,0.308805,111221.4,0.00014,111241.9,0.043742,111220.1,0.393164,111242.3,0.004227,111217.8,0.896746,111243.1,0.000895,111215.9,0.244826,111243.3,0.184127
1756903745.7441616,26902471912,1756903745601,111232.2,0.334008,111232.3,1.215572,111232.1,0.0016,111232.4,1e-06,111232.0,0.090741,111232.9,0.0054,111231.6,0.0116,111233.0,0.99003,111230.2,0.09829,111234.0,0.061146,111229.3,0.004227,111234.1,0.03157,111228.0,0.004227,111234.2,0.090108,111227.4,0.184127,111234.9,0.0899,111227.0,0.097819,111237.0,0.006999,111226.4,0.041551,111239.1,0.038646,111226.0,0.004227,111239.2,0.896746,111224.6,0.184127,111239.5,0.044944,111224.5,0.896746,111240.7,0.170693,111222.5,0.020827,111240.9,0.184127,111222.4,0.002246,111241.4,0.020349,111222.0,0.026275,111241.5,0.327731,111221.4,0.00014,111241.9,0.043742,111220.1,0.393164,111242.3,0.004227,111217.8,0.896746,111243.1,0.000895,111215.9,0.244826,111243.3,0.184127
1756903745.8537276,26902471966,1756903745712,111232.2,0.334008,111232.3,1.215572,111232.1,0.0016,111232.4,1e-06,111232.0,0.090741,111232.9,0.0054,111231.6,0.0116,111233.0,0.99003,111230.2,0.09829,111234.0,0.051675,111229.3,0.004227,111234.1,0.03157,111228.0,0.004227,111234.2,0.090108,111227.4,0.184127,111234.9,0.0899,111227.0,0.097819,111237.0,0.006999,111226.4,0.041551,111239.1,0.038646,111226.0,0.004227,111239.2,0.896746,111224.6,0.184127,111239.5,0.044944,111224.5,0.896746,111240.7,0.126524,111222.5,0.020827,111240.9,0.184127,111222.4,0.002246,111241.4,0.020349,111222.0,0.026275,111241.5,0.327731,111221.4,0.00014,111241.9,0.043742,111220.1,0.184127,111242.3,0.004227,111217.8,0.896746,111243.1,0.000895,111215.9,0.244826,111243.3,0.184127
