timestamp,sequence,exchange_timestamp,bid_price_0,bid_size_0,ask_price_0,ask_size_0,bid_price_1,bid_size_1,ask_price_1,ask_size_1,bid_price_2,bid_size_2,ask_price_2,ask_size_2,bid_price_3,bid_size_3,ask_price_3,ask_size_3,bid_price_4,bid_size_4,ask_price_4,ask_size_4,bid_price_5,bid_size_5,ask_price_5,ask_size_5,bid_price_6,bid_size_6,ask_price_6,ask_size_6,bid_price_7,bid_size_7,ask_price_7,ask_size_7,bid_price_8,bid_size_8,ask_price_8,ask_size_8,bid_price_9,bid_size_9,ask_price_9,ask_size_9,bid_price_10,bid_size_10,ask_price_10,ask_size_10,bid_price_11,bid_size_11,ask_price_11,ask_size_11,bid_price_12,bid_size_12,ask_price_12,ask_size_12,bid_price_13,bid_size_13,ask_price_13,ask_size_13,bid_price_14,bid_size_14,ask_price_14,ask_size_14,bid_price_15,bid_size_15,ask_price_15,ask_size_15,bid_price_16,bid_size_16,ask_price_16,ask_size_16,bid_price_17,bid_size_17,ask_price_17,ask_size_17,bid_price_18,bid_size_18,ask_price_18,ask_size_18,bid_price_19,bid_size_19,ask_price_19,ask_size_19
1756903691.3356278,10225524122,1756903691183,209.35,12.22,209.36,38.099,209.34,2.277,209.37,0.477,209.33,8.7,209.38,6.0,209.32,10.393,209.39,9.0,209.31,1.372,209.4,30.762,209.3,15.344,209.42,9.0,209.29,36.858,209.43,2.528,209.28,25.484,209.44,59.712,209.27,49.24,209.45,99.582,209.26,88.796,209.47,47.75,209.25,34.537,209.48,31.585,209.24,52.211,209.49,23.691,209.23,48.15,209.5,23.875,209.22,121.596,209.51,3.413,209.21,23.691,209.53,47.75,209.2,19.178,209.54,29.403,209.19,56.75,209.55,23.691,209.18,16.934,209.56,47.75,209.17,59.872,209.57,114.489,209.16,12.919,209.59,20.403
1756903691.4299054,10225524136,1756903691286,209.35,12.22,209.36,41.132,209.34,2.277,209.37,0.477,209.33,8.7,209.39,9.0,209.32,10.393,209.4,30.762,209.31,1.372,209.42,9.0,209.3,15.344,209.43,2.528,209.29,36.858,209.44,54.044,209.28,18.321,209.45,41.797,209.27,25.365,209.47,47.75,209.26,88.796,209.48,31.585,209.25,34.537,209.49,23.691,209.24,52.211,209.5,23.875,209.23,48.15,209.51,3.413,209.22,121.596,209.53,47.867,209.21,23.691,209.54,29.403,209.2,19.178,209.55,23.691,209.19,121.908,209.56,47.75,209.18,16.934,209.57,114.489,209.17,59.872,209.59,20.403,209.16,12.919,209.6,71.441
1756903691.5439923,10225524163,1756903691393,209.35,12.22,209.36,41.132,209.34,2.277,209.37,0.477,209.33,8.7,209.39,9.0,209.32,10.393,209.4,30.762,209.31,7.372,209.42,9.0,209.3,21.344,209.43,8.528,209.29,36.91,209.44,54.044,209.28,18.321,209.45,47.464,209.27,25.365,209.47,47.75,209.26,95.335,209.48,31.585,209.25,14.404,209.49,23.691,209.24,52.211,209.5,23.875,209.23,48.15,209.51,3.413,209.22,121.596,209.53,47.867,209.21,35.094,209.54,29.403,209.2,36.976,209.55,23.691,209.19,121.908,209.56,47.75,209.18,16.934,209.57,114.489,209.17,59.872,209.59,20.403,209.16,12.919,209.6,71.441
1756903691.6524653,10225524173,1756903691501,209.35,12.22,209.36,38.099,209.34,2.277,209.37,0.477,209.33,8.7,209.39,9.0,209.32,10.393,209.4,30.762,209.31,9.0,209.41,3.043,209.3,21.344,209.42,9.0,209.29,36.91,209.43,8.528,209.28,25.484,209.44,54.044,209.27,49.24,209.45,106.044,209.26,95.335,209.47,47.75,209.25,14.404,209.48,31.585,209.24,52.211,209.49,23.691,209.23,48.15,209.5,23.875,209.22,121.596,209.51,3.413,209.21,35.094,209.53,47.867,209.2,36.976,209.54,29.403,209.19,121.908,209.55,23.691,209.18,16.934,209.56,47.75,209.17,59.872,209.57,114.489,209.16,12.919,209.59,20.403
1756903691.7924254,10225524195,1756903691646,209.35,7.455,209.36,38.099,209.34,2.277,209.37,0.477,209.33,8.7,209.39,9.0,209.32,57.501,209.4,30.762,209.31,9.0,209.41,3.043,209.3,21.344,209.42,9.0,209.29,36.91,209.43,8.528,209.28,7.369,209.44,54.044,209.27,49.24,209.45,95.631,209.26,95.335,209.47,47.75,209.25,14.404,209.48,31.585,209.24,52.211,209.49,23.691,209.23,48.15,209.5,29.541,209.22,121.596,209.53,47.867,209.21,35.094,209.54,29.403,209.2,36.976,209.55,23.691,209.19,121.908,209.56,47.75,209.18,16.934,209.57,114.489,209.17,59.872,209.59,20.403,209.16,12.919,209.6,71.441
1756903691.9054642,10225524216,1756903691754,209.35,11.872,209.36,41.132,209.34,5.509,209.37,0.477,209.33,46.37,209.39,9.0,209.32,57.501,209.4,30.762,209.31,9.0,209.42,9.0,209.3,20.985,209.43,8.528,209.29,32.927,209.44,54.044,209.28,7.369,209.45,95.631,209.27,49.24,209.47,47.75,209.26,95.335,209.48,31.585,209.25,14.404,209.49,23.691,209.24,52.211,209.5,29.541,209.23,48.15,209.53,47.867,209.22,121.596,209.54,29.403,209.21,35.094,209.55,23.691,209.2,36.976,209.56,47.75,209.19,121.908,209.57,114.489,209.18,16.934,209.59,20.403,209.17,59.872,209.6,71.441,209.16,12.919,209.63,51.25
1756903692.003232,10225524224,1756903691855,209.35,11.872,209.36,41.132,209.34,5.509,209.37,0.477,209.33,46.37,209.39,9.0,209.32,57.501,209.4,30.762,209.31,9.0,209.42,9.0,209.3,20.985,209.43,8.528,209.29,32.927,209.44,54.044,209.28,7.369,209.45,95.631,209.27,49.24,209.47,47.75,209.26,95.335,209.48,31.585,209.25,14.404,209.49,23.691,209.24,52.211,209.5,29.541,209.23,48.15,209.52,0.955,209.22,121.596,209.53,47.867,209.21,35.094,209.54,29.403,209.2,36.976,209.55,23.691,209.19,121.908,209.56,47.75,209.18,16.934,209.57,114.489,209.17,59.872,209.59,20.403,209.16,12.919,209.6,71.441
1756903692.1507797,10225524234,1756903692003,209.35,11.872,209.36,41.132,209.34,5.509,209.37,0.477,209.33,22.495,209.39,9.0,209.32,57.501,209.4,30.762,209.31,9.0,209.41,0.596,209.3,20.985,209.42,9.0,209.29,32.927,209.43,8.528,209.28,7.369,209.44,54.044,209.27,60.643,209.45,95.631,209.26,95.335,209.47,47.75,209.25,14.404,209.48,31.585,209.24,52.211,209.49,23.691,209.23,48.15,209.5,29.541,209.22,121.596,209.52,0.955,209.21,35.094,209.53,47.867,209.2,36.976,209.54,29.403,209.19,121.908,209.55,23.691,209.18,16.934,209.56,47.75,209.17,59.872,209.57,114.489,209.16,12.919,209.59,20.403
1756903692.264646,10225524246,1756903692113,209.35,11.872,209.36,38.099,209.34,5.509,209.37,0.477,209.33,22.495,209.39,12.043,209.32,57.501,209.4,30.762,209.31,9.0,209.41,0.596,209.3,20.985,209.42,9.0,209.29,32.927,209.43,19.479,209.28,7.369,209.44,119.363,209.27,60.643,209.45,95.631,209.26,95.335,209.47,47.75,209.25,14.404,209.48,31.585,209.24,52.211,209.49,23.691,209.23,48.15,209.5,29.541,209.22,121.596,209.52,0.955,209.21,35.094,209.53,47.867,209.2,36.976,209.54,29.403,209.19,121.908,209.55,23.691,209.18,16.934,209.56,47.75,209.17,59.872,209.57,114.489,209.16,12.919,209.59,20.403
1756903692.3744361,10225524253,1756903692224,209.35,11.872,209.36,41.132,209.34,5.509,209.37,0.477,209.33,22.495,209.39,9.0,209.32,57.501,209.4,30.762,209.31,9.0,209.41,0.596,209.3,20.985,209.42,9.0,209.29,32.927,209.43,19.479,209.28,7.369,209.44,119.363,209.27,60.643,209.45,95.631,209.26,95.335,209.47,47.75,209.25,14.404,209.48,31.585,209.24,52.211,209.49,23.691,209.23,48.15,209.5,29.541,209.22,121.596,209.52,0.955,209.21,35.094,209.53,47.867,209.2,36.976,209.54,29.403,209.19,121.908,209.55,23.691,209.18,16.934,209.56,47.75,209.17,59.872,209.57,114.489,209.16,12.919,209.59,20.403
1756903692.4970634,10225524259,1756903692346,209.35,11.872,209.36,38.099,209.34,5.509,209.37,0.477,209.33,22.495,209.39,9.0,209.32,57.501,209.4,30.762,209.31,9.0,209.41,3.639,209.3,20.985,209.42,9.0,209.29,32.927,209.43,19.479,209.28,7.369,209.44,119.363,209.27,60.643,209.45,95.631,209.26,95.335,209.47,47.75,209.25,14.404,209.48,31.585,209.24,52.211,209.49,23.691,209.23,48.15,209.5,29.541,209.22,121.596,209.52,0.955,209.21,35.094,209.53,47.867,209.2,36.976,209.54,29.403,209.19,121.908,209.55,23.691,209.18,16.934,209.56,47.75,209.17,59.872,209.57,114.489,209.16,12.919,209.59,20.403
1756903692.5979433,10225524271,1756903692446,209.35,11.633,209.36,38.099,209.34,5.509,209.37,0.477,209.33,22.495,209.39,9.0,209.32,57.501,209.4,30.762,209.31,9.0,209.41,3.639,209.3,20.985,209.42,9.0,209.29,32.927,209.43,19.479,209.28,7.369,209.44,119.363,209.27,60.643,209.45,95.631,209.26,95.335,209.47,47.75,209.25,14.404,209.48,31.585,209.24,52.211,209.49,23.691,209.23,48.15,209.5,29.541,209.22,121.596,209.51,64.321,209.21,35.094,209.52,0.955,209.2,36.976,209.53,47.867,209.19,121.908,209.54,29.403,209.18,16.934,209.55,23.691,209.17,59.872,209.56,47.75,209.16,12.919,209.57,114.489
1756903692.7167964,10225524308,1756903692567,209.35,11.633,209.36,41.132,209.34,0.477,209.37,0.477,209.33,6.0,209.39,9.0,209.32,56.108,209.4,30.762,209.31,1.372,209.41,0.596,209.3,14.985,209.42,9.0,209.29,32.927,209.43,19.479,209.28,7.179,209.44,119.363,209.27,60.643,209.45,95.631,209.26,84.456,209.47,47.75,209.25,16.553,209.48,31.395,209.24,52.211,209.49,23.691,209.23,48.34,209.5,29.541,209.22,121.596,209.51,64.321,209.21,35.094,209.52,0.955,209.2,19.178,209.53,47.867,209.19,114.109,209.54,29.403,209.17,3.426,209.55,23.691,209.16,12.919,209.56,47.75,209.15,15.615,209.57,114.489
1756903692.845717,10225524321,1756903692684,209.35,11.633,209.36,38.099,209.34,0.477,209.37,0.477,209.33,21.55,209.39,9.0,209.32,56.108,209.4,30.762,209.31,1.372,209.41,0.596,209.3,14.985,209.42,9.0,209.29,32.927,209.43,16.951,209.28,10.48,209.44,119.363,209.27,63.228,209.45,95.631,209.26,86.605,209.47,47.75,209.25,14.404,209.48,31.395,209.24,52.211,209.49,23.691,209.23,48.34,209.5,29.541,209.22,121.596,209.51,64.321,209.21,35.094,209.52,0.955,209.2,34.637,209.53,47.867,209.19,114.109,209.54,29.403,209.17,3.426,209.55,23.691,209.16,12.919,209.56,47.75,209.15,15.615,209.57,114.489
1756903692.9389799,10225524326,1756903692789,209.35,11.633,209.36,41.132,209.34,0.477,209.37,0.477,209.33,21.55,209.39,9.0,209.32,56.108,209.4,30.762,209.31,1.372,209.41,0.596,209.3,14.985,209.42,9.0,209.29,32.927,209.43,16.951,209.28,10.48,209.44,119.363,209.27,63.228,209.45,95.631,209.26,86.605,209.47,47.75,209.25,14.404,209.48,31.395,209.24,52.211,209.49,23.691,209.23,48.34,209.5,29.541,209.22,121.596,209.51,64.321,209.21,35.094,209.52,0.955,209.2,34.637,209.53,47.867,209.19,114.109,209.54,29.403,209.17,3.426,209.55,23.691,209.16,12.919,209.56,47.75,209.15,15.615,209.57,114.489
1756903693.0415344,10225524333,1756903692890,209.35,11.633,209.36,41.132,209.34,0.477,209.37,0.477,209.33,21.55,209.39,9.0,209.32,56.108,209.4,30.762,209.31,1.372,209.41,0.596,209.3,14.985,209.42,9.0,209.29,32.927,209.43,16.951,209.28,10.48,209.44,119.363,209.27,63.228,209.45,95.631,209.26,86.605,209.47,47.75,209.25,14.404,209.48,31.395,209.24,52.211,209.49,23.691,209.23,48.34,209.5,29.541,209.22,121.596,209.51,64.321,209.21,35.094,209.52,0.955,209.2,34.637,209.53,47.867,209.19,114.109,209.54,29.403,209.17,3.426,209.55,23.691,209.16,12.919,209.56,47.75,209.15,15.615,209.57,114.489
1756903693.1489859,10225524346,1756903693004,209.35,7.216,209.36,41.132,209.34,0.477,209.37,0.477,209.33,21.55,209.39,9.0,209.32,56.108,209.4,30.762,209.31,1.372,209.41,0.596,209.3,14.985,209.42,9.0,209.29,32.927,209.43,16.951,209.28,10.48,209.44,119.363,209.27,63.228,209.45,95.631,209.26,84.456,209.47,47.75,209.25,16.553,209.48,31.395,209.24,52.211,209.49,23.691,209.23,48.34,209.5,29.541,209.22,121.596,209.51,64.321,209.21,35.094,209.52,0.955,209.2,34.637,209.53,47.867,209.19,114.109,209.54,29.403,209.17,3.426,209.55,23.691,209.16,12.919,209.56,47.75,209.15,15.615,209.57,114.489
1756903693.2749734,10225524374,1756903693125,209.35,7.216,209.36,38.099,209.34,0.477,209.37,0.477,209.33,21.55,209.39,9.0,209.32,56.108,209.4,30.762,209.31,1.372,209.41,26.918,209.3,14.985,209.42,9.0,209.29,32.927,209.43,19.533,209.28,10.48,209.44,119.363,209.27,63.228,209.45,95.631,209.26,84.456,209.47,47.75,209.25,16.553,209.48,31.395,209.24,52.211,209.49,23.691,209.23,48.34,209.5,29.541,209.22,121.596,209.51,64.321,209.21,35.094,209.52,0.955,209.2,34.637,209.53,47.867,209.19,114.109,209.54,29.403,209.17,3.426,209.55,23.691,209.16,12.919,209.56,47.75,209.15,15.615,209.57,114.489
1756903693.4568202,10225524389,1756903693307,209.35,10.832,209.36,41.132,209.34,0.477,209.37,0.477,209.33,21.55,209.39,13.089,209.32,56.108,209.4,30.762,209.31,1.372,209.41,23.875,209.3,14.985,209.42,9.0,209.29,32.927,209.43,8.582,209.28,10.48,209.44,119.363,209.27,63.228,209.45,95.631,209.26,92.35,209.47,47.75,209.25,14.404,209.48,31.395,209.24,52.211,209.49,23.691,209.23,48.34,209.5,29.541,209.22,121.596,209.51,64.321,209.21,35.094,209.52,0.955,209.2,34.637,209.53,47.867,209.19,114.109,209.54,29.403,209.18,19.42,209.55,23.691,209.17,68.158,209.56,47.75,209.16,12.919,209.57,114.489
1756903693.5808053,10225524400,1756903693430,209.35,10.832,209.36,38.099,209.34,0.477,209.37,0.477,209.33,21.55,209.38,6.0,209.32,56.108,209.39,13.089,209.31,1.372,209.4,30.762,209.3,14.985,209.41,23.875,209.29,32.927,209.42,9.0,209.28,10.48,209.43,2.582,209.27,63.228,209.44,119.363,209.26,92.35,209.45,95.631,209.25,14.404,209.47,47.75,209.24,52.211,209.48,31.395,209.23,48.34,209.49,23.691,209.22,121.596,209.5,29.541,209.21,35.094,209.51,64.321,209.2,34.637,209.52,0.955,209.19,114.109,209.53,47.867,209.18,19.42,209.54,29.403,209.17,68.158,209.55,23.691,209.16,12.919,209.56,47.75
1756903693.6816986,10225524424,1756903693530,209.35,6.0,209.36,41.132,209.34,2.277,209.37,0.477,209.33,21.55,209.38,6.0,209.32,56.108,209.39,13.089,209.31,1.372,209.4,30.762,209.3,14.985,209.41,23.875,209.29,32.927,209.42,9.0,209.28,10.48,209.43,2.582,209.27,63.228,209.44,119.363,209.26,92.35,209.45,95.631,209.25,14.404,209.47,47.75,209.24,52.211,209.48,31.395,209.23,48.34,209.49,23.691,209.22,121.596,209.5,29.541,209.21,35.094,209.51,64.321,209.2,34.637,209.52,0.955,209.19,114.109,209.53,47.867,209.18,19.42,209.54,29.403,209.17,68.158,209.55,23.691,209.16,12.919,209.56,47.75
1756903693.7897499,10225524441,1756903693639,209.35,6.0,209.36,38.099,209.34,2.277,209.37,0.477,209.33,21.55,209.38,6.0,209.32,56.108,209.39,16.132,209.31,1.372,209.4,30.762,209.3,14.985,209.41,23.875,209.29,32.927,209.42,9.0,209.28,10.48,209.43,2.582,209.27,63.228,209.44,119.363,209.26,92.35,209.45,95.631,209.25,14.404,209.47,47.75,209.24,52.211,209.48,31.395,209.23,48.34,209.49,23.691,209.22,121.596,209.5,29.541,209.21,35.094,209.51,64.321,209.2,34.637,209.52,0.955,209.19,114.109,209.53,47.867,209.18,19.42,209.54,29.403,209.17,68.158,209.55,23.691,209.16,12.919,209.56,47.75
1756903693.9027097,10225524463,1756903693754,209.35,10.417,209.36,41.132,209.34,0.477,209.37,0.477,209.33,21.55,209.38,6.0,209.32,56.108,209.39,13.089,209.31,1.372,209.4,30.762,209.3,14.985,209.41,23.875,209.29,32.927,209.42,9.0,209.28,10.48,209.43,2.582,209.27,63.228,209.44,119.363,209.26,90.201,209.45,95.631,209.25,16.553,209.47,47.75,209.24,52.211,209.48,31.395,209.23,48.34,209.49,23.691,209.22,121.596,209.5,29.541,209.21,35.094,209.51,64.321,209.2,34.637,209.52,0.955,209.19,114.109,209.53,47.867,209.18,19.42,209.54,29.403,209.17,68.158,209.55,23.691,209.16,12.919,209.56,47.75
1756903694.0790222,10225524467,1756903693927,209.35,6.0,209.36,41.132,209.34,0.477,209.37,0.477,209.33,21.55,209.38,6.0,209.32,56.108,209.39,13.089,209.31,1.372,209.4,30.762,209.3,14.985,209.41,23.875,209.29,32.927,209.42,9.0,209.28,10.48,209.43,2.582,209.27,63.228,209.44,119.363,209.26,92.35,209.45,95.631,209.25,14.404,209.47,47.75,209.24,52.211,209.48,31.395,209.23,48.34,209.49,23.691,209.22,121.596,209.5,29.541,209.21,35.094,209.51,64.321,209.2,34.637,209.52,0.955,209.19,114.109,209.53,47.867,209.18,19.42,209.54,29.403,209.17,68.158,209.55,23.691,209.16,12.919,209.56,47.75
1756903694.1932647,10225524518,1756903694042,209.33,11.377,209.34,19.31,209.32,47.108,209.35,6.0,209.31,1.731,209.36,28.299,209.3,14.985,209.38,6.0,209.29,32.927,209.39,13.089,209.28,10.48,209.4,30.762,209.27,63.228,209.41,23.875,209.26,90.201,209.42,9.0,209.25,16.553,209.43,2.582,209.24,52.211,209.44,119.363,209.23,48.34,209.45,99.463,209.22,121.596,209.47,47.75,209.21,35.094,209.48,27.563,209.2,34.637,209.49,23.691,209.19,114.109,209.5,29.541,209.18,19.42,209.51,64.321,209.17,68.158,209.52,0.955,209.16,12.919,209.53,47.867,209.15,15.615,209.54,29.403,209.14,39.982,209.55,23.691
1756903694.3226888,10225524525,1756903694173,209.33,11.377,209.34,16.277,209.32,47.108,209.35,6.0,209.31,1.731,209.36,28.299,209.3,14.985,209.38,6.0,209.29,32.927,209.39,13.089,209.28,10.48,209.4,33.805,209.27,63.228,209.41,23.875,209.26,92.35,209.42,9.0,209.25,14.404,209.43,2.582,209.24,52.211,209.44,119.363,209.23,48.34,209.45,99.463,209.22,121.596,209.47,47.75,209.21,35.094,209.48,27.563,209.2,34.637,209.49,23.691,209.19,114.109,209.5,29.541,209.18,19.42,209.51,64.321,209.17,68.158,209.52,0.955,209.16,12.919,209.53,47.867,209.15,15.615,209.54,29.403,209.14,39.982,209.55,23.691
1756903694.4394844,10225524530,1756903694290,209.33,11.377,209.34,19.31,209.32,47.108,209.35,6.0,209.31,1.731,209.36,28.299,209.3,14.985,209.38,6.0,209.29,32.927,209.39,13.089,209.28,10.48,209.4,30.762,209.27,63.228,209.41,23.875,209.26,92.35,209.42,9.0,209.25,14.404,209.43,2.582,209.24,52.211,209.44,119.363,209.23,48.34,209.45,99.463,209.22,121.596,209.47,47.75,209.21,35.094,209.48,27.563,209.2,34.637,209.49,23.691,209.19,114.109,209.5,29.541,209.18,19.42,209.51,64.321,209.17,68.158,209.52,0.955,209.16,12.919,209.53,47.867,209.15,15.615,209.54,29.403,209.14,39.982,209.55,23.691
1756903694.5776582,10225524537,1756903694423,209.33,12.813,209.34,19.31,209.32,47.108,209.35,6.0,209.31,1.731,209.36,28.299,209.3,14.985,209.38,6.0,209.29,32.927,209.39,13.089,209.28,10.48,209.4,30.762,209.27,63.228,209.41,23.875,209.26,92.35,209.42,9.0,209.25,14.404,209.43,2.582,209.24,52.211,209.44,119.363,209.23,48.34,209.45,99.463,209.22,121.596,209.47,47.75,209.21,35.094,209.48,27.563,209.2,34.637,209.49,23.691,209.19,114.109,209.5,29.541,209.18,19.42,209.51,64.321,209.17,68.158,209.52,0.955,209.16,12.919,209.53,47.867,209.15,15.615,209.54,29.403,209.14,39.982,209.55,23.691
1756903694.7001793,10225524543,1756903694549,209.33,12.813,209.34,16.277,209.32,47.108,209.35,6.0,209.31,1.731,209.36,28.299,209.3,14.985,209.39,13.089,209.29,32.927,209.4,30.762,209.28,10.48,209.41,23.875,209.27,63.228,209.42,9.0,209.26,92.35,209.43,2.582,209.25,14.404,209.44,119.363,209.24,52.211,209.45,99.463,209.23,48.34,209.47,47.75,209.22,121.596,209.48,27.563,209.21,35.094,209.49,23.691,209.2,34.637,209.5,29.541,209.19,114.109,209.51,64.321,209.18,19.42,209.52,0.955,209.17,68.158,209.53,47.867,209.16,12.919,209.54,29.403,209.15,15.615,209.55,23.691,209.14,39.982,209.56,47.75
1756903694.8099613,10225524556,1756903694660,209.33,12.813,209.34,19.31,209.32,47.108,209.35,6.0,209.31,1.731,209.36,28.299,209.3,14.985,209.38,7.52,209.29,32.927,209.39,15.0,209.28,10.48,209.4,30.762,209.27,63.228,209.41,23.875,209.26,90.201,209.42,9.0,209.25,16.553,209.43,2.582,209.24,52.211,209.44,119.363,209.23,48.34,209.45,99.463,209.22,121.596,209.47,47.75,209.21,35.094,209.48,27.563,209.2,34.637,209.49,23.691,209.19,114.109,209.5,29.541,209.18,19.42,209.51,64.321,209.17,68.158,209.52,0.955,209.16,12.919,209.53,47.867,209.15,15.615,209.54,29.403,209.14,63.857,209.55,23.691
1756903694.9137423,10225524574,1756903694764,209.33,12.813,209.34,19.31,209.32,47.108,209.36,28.299,209.31,1.731,209.38,7.52,209.3,14.985,209.39,9.0,209.29,32.875,209.4,30.762,209.28,10.48,209.41,23.875,209.27,63.228,209.42,9.0,209.26,90.201,209.43,2.582,209.25,16.553,209.44,119.363,209.24,52.211,209.45,99.463,209.23,48.34,209.47,47.75,209.22,121.596,209.48,27.563,209.21,35.094,209.49,31.316,209.2,34.637,209.5,23.875,209.19,114.109,209.51,64.321,209.18,19.42,209.52,0.955,209.17,68.158,209.53,47.867,209.16,12.919,209.54,29.403,209.15,14.66,209.55,23.691,209.14,64.812,209.56,47.75
1756903695.022259,10225524643,1756903694873,209.33,12.019,209.34,17.31,209.32,36.688,209.35,6.0,209.31,0.359,209.36,4.417,209.3,10.772,209.37,2.256,209.29,32.875,209.38,7.52,209.28,25.281,209.39,9.0,209.27,76.536,209.4,30.762,209.26,11.571,209.41,23.875,209.25,14.404,209.42,9.0,209.24,52.211,209.43,26.467,209.23,48.34,209.44,47.75,209.22,121.596,209.45,99.463,209.21,35.094,209.47,162.29,209.2,34.637,209.48,27.563,209.19,114.109,209.49,23.691,209.18,19.42,209.5,23.875,209.17,68.158,209.51,64.321,209.16,12.919,209.52,0.955,209.15,14.66,209.53,47.867,209.14,64.812,209.54,29.403
1756903695.126904,10225524656,1756903694976,209.33,12.019,209.34,19.11,209.32,36.688,209.35,6.0,209.31,0.359,209.36,4.417,209.3,10.772,209.37,3.809,209.29,32.875,209.38,25.428,209.28,25.281,209.39,24.041,209.27,72.329,209.4,30.762,209.26,9.422,209.41,23.875,209.25,16.553,209.42,9.0,209.24,52.211,209.43,26.467,209.23,48.34,209.44,47.75,209.22,121.596,209.45,99.463,209.21,35.094,209.47,162.29,209.2,34.637,209.48,27.563,209.19,114.109,209.49,23.691,209.18,19.42,209.5,23.875,209.17,68.158,209.51,64.321,209.16,12.919,209.52,0.955,209.15,14.66,209.53,47.867,209.14,64.812,209.54,29.403
1756903695.2300098,10225524713,1756903695077,209.35,4.475,209.36,4.417,209.34,7.0,209.38,25.428,209.33,29.094,209.39,15.041,209.32,36.688,209.4,23.875,209.31,0.359,209.41,26.908,209.3,10.772,209.42,9.0,209.29,32.875,209.43,26.467,209.28,25.281,209.44,47.75,209.27,65.879,209.45,99.463,209.26,9.422,209.47,162.29,209.25,14.404,209.48,27.563,209.24,52.211,209.49,23.691,209.23,48.34,209.5,23.875,209.22,121.596,209.51,80.963,209.21,35.094,209.52,1.145,209.2,34.637,209.53,55.491,209.19,114.109,209.54,29.403,209.18,19.42,209.55,23.691,209.17,68.158,209.56,47.75,209.16,12.919,209.59,23.25
1756903695.3325326,10225524792,1756903695183,209.38,3.317,209.39,23.841,209.36,3.143,209.4,29.484,209.35,13.41,209.41,23.875,209.34,13.116,209.42,9.0,209.33,25.619,209.43,2.582,209.32,42.688,209.44,47.75,209.3,34.647,209.45,3.832,209.29,35.024,209.46,3.033,209.28,25.962,209.47,162.29,209.27,63.73,209.48,16.16,209.26,9.422,209.49,23.691,209.25,14.404,209.5,23.875,209.24,116.875,209.51,16.642,209.23,48.34,209.52,1.145,209.22,121.596,209.53,47.867,209.21,35.094,209.54,29.403,209.2,34.637,209.55,23.691,209.19,114.109,209.56,47.75,209.17,3.426,209.58,64.085,209.16,12.919,209.59,23.25
1756903695.45439,10225524807,1756903695304,209.38,3.317,209.39,50.752,209.36,3.143,209.4,29.484,209.35,13.41,209.41,23.875,209.34,13.116,209.42,9.0,209.33,25.619,209.43,2.582,209.32,42.688,209.44,47.75,209.31,8.597,209.45,3.832,209.3,34.647,209.46,47.005,209.29,35.024,209.47,162.29,209.28,25.962,209.48,16.16,209.27,63.73,209.49,23.691,209.26,9.422,209.5,23.875,209.25,14.404,209.51,16.642,209.24,116.875,209.52,1.145,209.23,48.34,209.53,47.867,209.22,121.596,209.54,37.027,209.21,35.094,209.55,23.691,209.2,34.637,209.56,47.75,209.19,114.109,209.58,64.085,209.17,3.426,209.59,23.25
1756903695.554882,10225524833,1756903695408,209.38,11.111,209.39,47.719,209.36,3.143,209.4,5.609,209.35,18.408,209.42,12.033,209.34,31.415,209.43,2.582,209.33,73.369,209.44,47.75,209.32,51.285,209.45,3.832,209.31,2.149,209.46,47.005,209.3,34.647,209.47,162.29,209.29,32.875,209.48,74.555,209.28,25.962,209.49,23.691,209.27,63.73,209.5,23.875,209.26,9.422,209.51,16.642,209.25,14.404,209.52,1.145,209.24,52.211,209.53,111.883,209.23,48.34,209.54,29.403,209.22,121.596,209.55,23.691,209.21,35.094,209.56,47.75,209.2,34.637,209.59,23.25,209.19,114.109,209.6,71.441,209.17,3.426,209.63,51.25
1756903695.6742332,10225524856,1756903695516,209.38,3.317,209.39,47.719,209.36,3.143,209.41,2.7,209.35,25.279,209.42,9.0,209.34,56.402,209.43,4.581,209.33,73.369,209.44,47.75,209.32,36.688,209.45,3.832,209.3,34.647,209.46,47.005,209.29,32.875,209.47,162.29,209.28,25.962,209.48,74.555,209.27,63.73,209.49,23.691,209.26,9.422,209.5,23.875,209.25,14.404,209.51,16.642,209.24,52.211,209.52,0.19,209.23,48.34,209.53,111.883,209.22,121.596,209.54,29.403,209.21,35.094,209.55,23.691,209.2,34.637,209.56,47.75,209.19,114.109,209.59,23.25,209.17,3.426,209.6,71.441,209.16,1.516,209.63,51.25
1756903695.7973657,10225524874,1756903695637,209.35,21.498,209.37,1.0,209.34,56.402,209.39,47.719,209.33,67.369,209.41,2.7,209.32,45.285,209.42,9.0,209.31,2.149,209.43,4.581,209.3,34.647,209.44,47.75,209.29,32.875,209.45,3.832,209.28,25.962,209.46,47.005,209.27,63.73,209.47,162.29,209.26,9.422,209.48,74.555,209.25,14.404,209.49,23.691,209.24,52.211,209.5,23.875,209.23,48.34,209.51,16.642,209.22,121.596,209.52,0.19,209.21,35.094,209.53,111.883,209.2,34.637,209.54,29.403,209.19,114.109,209.55,23.691,209.16,1.516,209.56,47.75,209.15,55.955,209.59,23.25,209.14,63.857,209.6,71.441
1756903695.8921669,10225524898,1756903695743,209.37,8.215,209.38,6.0,209.36,8.889,209.39,46.719,209.35,21.498,209.41,2.7,209.34,56.402,209.42,9.0,209.33,67.369,209.43,4.581,209.32,45.285,209.44,47.75,209.31,9.312,209.45,3.832,209.3,38.852,209.46,47.005,209.29,32.875,209.47,162.29,209.28,25.962,209.48,74.555,209.27,63.73,209.49,23.691,209.26,9.422,209.5,23.875,209.25,14.404,209.51,16.642,209.24,52.211,209.52,0.19,209.23,48.34,209.53,111.883,209.22,121.596,209.54,29.403,209.21,35.094,209.55,31.314,209.2,34.637,209.56,47.75,209.19,114.109,209.59,23.25,209.16,1.516,209.6,71.441
1756903695.9996226,10225524907,1756903695850,209.37,8.215,209.38,6.477,209.36,8.889,209.39,46.719,209.35,21.498,209.41,2.7,209.34,56.402,209.42,9.0,209.33,71.574,209.43,8.634,209.32,45.285,209.44,47.75,209.31,7.163,209.45,6.865,209.3,36.796,209.46,47.005,209.29,32.875,209.47,162.29,209.28,25.962,209.48,74.555,209.27,63.73,209.49,23.691,209.26,9.422,209.5,23.875,209.25,14.404,209.51,16.642,209.24,52.211,209.52,0.19,209.23,48.34,209.53,111.883,209.22,121.596,209.54,29.403,209.21,35.094,209.55,31.314,209.2,34.637,209.56,47.75,209.19,114.109,209.59,23.25,209.16,1.516,209.6,71.441
1756903696.103042,10225524915,1756903695952,209.37,3.317,209.38,6.477,209.36,8.889,209.39,46.719,209.35,21.498,209.41,2.7,209.34,56.402,209.42,9.0,209.33,71.574,209.43,9.23,209.32,45.285,209.44,47.75,209.31,7.163,209.45,6.865,209.3,36.796,209.46,47.005,209.29,32.875,209.47,162.29,209.28,25.962,209.48,74.555,209.27,63.73,209.49,23.691,209.26,9.422,209.5,23.875,209.25,14.404,209.51,16.642,209.24,52.211,209.52,0.19,209.23,48.34,209.53,111.883,209.22,121.596,209.54,37.027,209.21,35.094,209.55,23.691,209.2,34.637,209.56,47.75,209.19,114.109,209.59,23.25,209.16,1.516,209.6,71.441
1756903696.220384,10225524929,1756903696070,209.37,3.317,209.38,6.477,209.36,8.889,209.39,31.678,209.35,21.498,209.41,6.875,209.34,48.818,209.42,24.041,209.33,47.699,209.43,9.23,209.32,45.285,209.44,47.75,209.31,7.163,209.45,3.832,209.3,36.796,209.46,47.005,209.29,32.875,209.47,162.29,209.28,25.962,209.48,74.555,209.27,63.73,209.49,23.691,209.26,9.422,209.5,23.875,209.25,14.404,209.51,16.642,209.24,52.211,209.52,0.19,209.23,48.34,209.53,111.883,209.22,121.596,209.54,37.027,209.21,35.094,209.55,23.691,209.2,34.637,209.56,47.75,209.19,114.109,209.59,23.25,209.16,1.516,209.6,71.441
1756903696.3652074,10225524943,1756903696215,209.37,4.992,209.38,6.477,209.36,7.708,209.39,31.678,209.35,21.498,209.41,6.875,209.34,48.818,209.42,24.041,209.33,47.699,209.43,9.23,209.32,45.285,209.44,47.75,209.31,7.163,209.45,3.832,209.3,34.647,209.46,47.005,209.29,36.495,209.47,162.29,209.28,25.962,209.48,74.555,209.27,63.73,209.49,23.691,209.26,9.422,209.5,23.875,209.25,14.404,209.51,16.642,209.24,52.211,209.52,0.19,209.23,48.34,209.53,119.507,209.22,121.596,209.54,29.403,209.21,35.094,209.55,23.691,209.2,34.637,209.56,47.75,209.19,114.109,209.59,23.25,209.16,1.516,209.6,71.441
1756903696.497188,10225524968,1756903696346,209.37,1.0,209.38,6.477,209.36,6.0,209.39,31.678,209.35,14.627,209.4,6.0,209.34,42.818,209.41,12.875,209.33,47.699,209.42,25.959,209.32,36.688,209.43,32.519,209.31,7.163,209.44,47.75,209.3,36.796,209.45,6.865,209.29,34.346,209.46,47.005,209.28,25.962,209.47,162.29,209.27,63.73,209.48,74.555,209.26,9.422,209.49,23.691,209.25,14.404,209.5,23.875,209.24,52.211,209.51,16.642,209.23,48.34,209.52,0.19,209.22,121.596,209.53,111.883,209.21,35.094,209.54,29.403,209.2,34.637,209.55,23.691,209.19,114.109,209.56,47.75,209.16,13.717,209.59,23.25
1756903696.609962,10225525044,1756903696460,209.37,7.748,209.38,7.477,209.36,7.537,209.39,11.152,209.35,23.597,209.4,12.699,209.34,42.818,209.41,30.75,209.33,43.494,209.42,25.959,209.32,36.688,209.43,26.467,209.31,18.539,209.44,47.75,209.3,38.851,209.45,3.832,209.29,34.346,209.46,47.005,209.28,28.111,209.47,162.29,209.27,63.73,209.48,74.555,209.26,9.422,209.49,23.691,209.25,14.404,209.5,23.875,209.24,52.211,209.51,16.642,209.23,48.34,209.52,0.19,209.22,121.596,209.53,111.883,209.21,35.094,209.54,29.403,209.2,34.637,209.55,23.691,209.19,114.109,209.56,55.945,209.16,13.717,209.59,23.25
1756903696.7331715,10225525057,1756903696585,209.37,6.316,209.38,1.477,209.36,7.537,209.39,11.152,209.35,23.597,209.4,12.699,209.34,42.818,209.41,30.75,209.33,47.698,209.42,25.959,209.32,36.688,209.43,26.467,209.31,18.539,209.44,47.75,209.3,34.647,209.45,6.865,209.29,34.346,209.46,47.005,209.28,25.962,209.47,162.29,209.27,63.73,209.48,74.555,209.26,9.422,209.49,23.691,209.25,14.404,209.5,23.875,209.24,52.211,209.51,16.642,209.23,48.34,209.52,0.19,209.22,121.596,209.53,111.883,209.21,35.094,209.54,29.403,209.2,34.637,209.55,23.691,209.19,114.109,209.56,47.75,209.16,13.717,209.57,8.194
1756903696.8463955,10225525065,1756903696697,209.37,6.316,209.38,28.389,209.36,7.537,209.39,11.152,209.35,21.597,209.4,12.699,209.34,42.818,209.41,30.75,209.33,47.698,209.42,25.959,209.32,36.688,209.43,26.467,209.31,15.633,209.44,47.75,209.3,36.795,209.45,3.832,209.29,34.346,209.46,47.005,209.28,25.962,209.47,162.29,209.27,63.73,209.48,74.555,209.26,9.422,209.49,23.691,209.25,14.404,209.5,23.875,209.24,52.211,209.51,16.642,209.23,48.34,209.52,0.19,209.22,121.596,209.53,111.883,209.21,35.094,209.54,29.403,209.2,34.637,209.55,23.691,209.19,114.109,209.56,47.75,209.16,13.717,209.57,8.194
1756903696.9513469,10225525068,1756903696797,209.37,14.456,209.38,28.389,209.36,7.537,209.39,11.152,209.35,21.597,209.4,12.699,209.34,42.818,209.41,30.75,209.33,47.698,209.42,25.959,209.32,36.688,209.43,26.467,209.31,15.633,209.44,47.75,209.3,36.795,209.45,3.832,209.29,34.346,209.46,47.005,209.28,25.962,209.47,162.29,209.27,63.73,209.48,74.555,209.26,9.422,209.49,23.691,209.25,14.404,209.5,23.875,209.24,52.211,209.51,16.642,209.23,48.34,209.52,0.19,209.22,121.596,209.53,111.883,209.21,35.094,209.54,29.403,209.2,34.637,209.55,23.691,209.19,114.109,209.56,47.75,209.16,13.717,209.57,8.194
1756903697.0511162,10225525080,1756903696901,209.37,14.456,209.38,32.806,209.36,7.537,209.39,11.152,209.35,21.597,209.4,12.699,209.34,42.818,209.41,30.75,209.33,47.698,209.42,25.959,209.32,36.688,209.43,26.467,209.31,15.633,209.44,47.75,209.3,34.647,209.45,3.832,209.29,36.494,209.46,47.005,209.28,25.962,209.47,162.29,209.27,63.73,209.48,74.555,209.26,9.422,209.49,23.691,209.25,14.404,209.5,23.875,209.24,52.211,209.51,16.642,209.23,48.34,209.52,0.19,209.22,121.596,209.53,111.883,209.21,35.094,209.54,29.403,209.2,34.637,209.55,23.691,209.19,114.109,209.56,55.945,209.16,13.717,209.59,23.25
1756903697.159325,10225525085,1756903697013,209.37,14.456,209.38,32.806,209.36,7.537,209.39,11.152,209.35,21.597,209.4,12.699,209.34,42.818,209.41,6.875,209.33,47.698,209.42,25.959,209.32,36.688,209.43,26.467,209.31,15.633,209.44,47.75,209.3,34.647,209.45,3.832,209.29,36.494,209.46,47.005,209.28,25.962,209.47,162.29,209.27,63.73,209.48,74.555,209.26,9.422,209.49,23.691,209.25,14.404,209.5,23.875,209.24,52.211,209.51,16.642,209.23,48.34,209.52,0.19,209.22,121.596,209.53,111.883,209.21,35.094,209.54,29.403,209.2,34.637,209.55,31.886,209.19,114.109,209.56,47.75,209.16,13.717,209.59,23.25
1756903697.2754495,10225525195,1756903697125,209.4,7.734,209.41,7.117,209.39,8.766,209.42,22.347,209.38,9.22,209.43,8.675,209.37,14.505,209.44,23.875,209.36,36.093,209.45,12.832,209.35,25.009,209.47,162.29,209.34,36.818,209.48,74.555,209.33,49.369,209.49,23.691,209.32,36.688,209.5,23.875,209.31,7.163,209.51,16.642,209.3,34.647,209.52,0.19,209.29,34.346,209.53,47.867,209.28,25.962,209.54,29.403,209.27,63.73,209.55,23.691,209.26,9.422,209.56,47.75,209.25,79.001,209.59,87.266,209.24,52.211,209.6,71.441,209.23,48.34,209.63,51.25,209.22,121.596,209.64,9.016,209.21,35.094,209.65,23.691
1756903697.375831,10225525254,1756903697226,209.41,14.79,209.42,6.0,209.4,4.215,209.43,23.716,209.39,15.243,209.44,30.991,209.38,6.0,209.45,12.832,209.37,8.505,209.47,138.415,209.36,44.083,209.48,74.555,209.35,16.541,209.49,23.691,209.34,36.818,209.5,23.875,209.33,45.165,209.51,16.642,209.32,36.688,209.52,0.19,209.31,7.163,209.53,47.867,209.3,34.647,209.54,29.403,209.29,34.346,209.55,23.691,209.28,25.962,209.56,47.75,209.27,63.73,209.57,8.194,209.26,9.422,209.59,84.419,209.25,79.001,209.6,71.441,209.24,52.211,209.63,55.221,209.23,48.34,209.64,9.016,209.22,121.596,209.65,23.691
1756903697.474124,10225525308,1756903697327,209.41,13.937,209.42,12.984,209.4,3.5,209.43,26.159,209.39,16.977,209.44,30.991,209.38,15.0,209.45,3.832,209.37,12.162,209.47,138.415,209.36,67.958,209.48,74.555,209.35,23.495,209.49,70.64,209.34,62.851,209.5,23.875,209.33,43.017,209.51,16.642,209.32,36.688,209.52,0.19,209.31,7.163,209.53,47.867,209.3,34.647,209.54,29.403,209.29,34.346,209.55,23.691,209.28,25.962,209.56,47.75,209.27,63.73,209.59,84.419,209.26,28.801,209.6,71.441,209.25,79.001,209.63,55.221,209.24,52.211,209.64,9.016,209.23,48.34,209.65,23.691,209.22,121.596,209.66,145.857
1756903697.5810857,10225525325,1756903697430,209.41,13.937,209.42,14.532,209.4,3.5,209.43,23.577,209.39,16.977,209.44,30.991,209.38,15.0,209.45,3.832,209.37,18.867,209.47,138.415,209.36,61.958,209.48,74.555,209.35,23.495,209.49,70.64,209.34,62.851,209.5,23.875,209.33,43.017,209.51,16.642,209.32,36.688,209.52,0.19,209.31,7.163,209.53,47.867,209.3,34.647,209.54,29.403,209.29,34.346,209.55,23.691,209.28,25.962,209.56,47.75,209.27,63.73,209.59,84.419,209.26,28.801,209.6,71.441,209.25,79.001,209.63,55.221,209.24,52.211,209.64,9.016,209.23,48.34,209.65,23.691,209.22,121.596,209.66,145.857
1756903697.6842437,10225525334,1756903697532,209.41,13.937,209.42,14.532,209.4,3.5,209.43,23.577,209.39,16.977,209.44,30.991,209.38,15.0,209.45,3.832,209.37,18.867,209.47,138.415,209.36,61.958,209.48,74.555,209.35,23.495,209.49,70.64,209.34,62.851,209.5,23.875,209.33,43.017,209.51,16.642,209.32,36.688,209.52,0.19,209.31,7.163,209.53,47.867,209.3,34.647,209.54,29.403,209.29,34.346,209.55,23.691,209.28,25.962,209.56,47.75,209.27,63.73,209.58,8.194,209.26,28.801,209.59,84.419,209.25,79.001,209.6,71.441,209.24,52.211,209.63,55.221,209.23,48.34,209.64,9.016,209.22,121.596,209.65,23.691
1756903697.8492324,10225525345,1756903697700,209.41,13.937,209.42,14.532,209.4,3.5,209.43,16.959,209.39,16.977,209.44,7.116,209.38,30.053,209.45,3.832,209.37,65.819,209.47,138.415,209.36,61.958,209.48,74.555,209.35,23.495,209.49,70.64,209.34,58.576,209.5,23.875,209.33,34.419,209.51,16.642,209.31,7.163,209.52,0.19,209.3,34.647,209.53,47.867,209.29,34.346,209.54,29.403,209.28,25.962,209.55,23.691,209.27,63.73,209.56,47.75,209.26,28.801,209.58,8.194,209.25,79.001,209.59,84.419,209.24,52.211,209.6,71.441,209.23,48.34,209.63,55.221,209.22,121.596,209.64,9.016,209.21,35.094,209.65,23.691
1756903697.9533482,10225525361,1756903697801,209.41,13.937,209.42,15.009,209.4,21.939,209.43,1.918,209.39,40.852,209.44,7.116,209.38,30.053,209.45,9.159,209.37,65.819,209.46,20.368,209.36,61.958,209.47,138.415,209.35,23.495,209.48,74.555,209.34,58.576,209.49,70.64,209.33,34.419,209.5,23.875,209.32,58.244,209.51,16.642,209.31,121.725,209.52,0.19,209.3,34.647,209.53,47.867,209.29,34.346,209.54,29.403,209.28,25.962,209.55,23.691,209.27,63.73,209.56,47.75,209.26,28.801,209.58,8.194,209.25,79.001,209.59,84.419,209.24,52.211,209.6,71.441,209.23,15.671,209.63,55.221,209.22,7.107,209.64,9.016
1756903698.0658047,10225525365,1756903697916,209.41,13.937,209.42,15.009,209.4,21.939,209.43,1.918,209.39,40.852,209.44,7.116,209.38,30.053,209.45,9.159,209.37,65.819,209.46,20.368,209.36,61.958,209.47,138.415,209.35,23.495,209.48,74.555,209.34,58.576,209.49,70.64,209.33,39.845,209.5,23.875,209.32,58.244,209.51,16.642,209.31,121.725,209.52,0.19,209.3,34.647,209.53,47.867,209.29,34.346,209.54,29.403,209.28,25.962,209.55,23.691,209.27,63.73,209.56,47.75,209.26,88.615,209.58,8.194,209.25,79.001,209.59,84.419,209.24,52.211,209.6,71.441,209.23,15.671,209.63,55.221,209.22,7.107,209.64,9.016
1756903698.168125,10225525424,1756903698018,209.42,19.646,209.43,9.826,209.41,10.122,209.45,9.159,209.4,21.939,209.46,15.041,209.39,27.052,209.47,144.964,209.38,24.053,209.48,74.555,209.37,78.491,209.5,23.875,209.36,53.491,209.51,16.642,209.35,25.643,209.52,0.19,209.34,56.428,209.53,47.867,209.33,39.845,209.54,29.403,209.32,58.244,209.55,28.353,209.31,121.725,209.56,47.75,209.3,34.647,209.59,84.419,209.29,34.346,209.6,79.634,209.28,25.962,209.63,55.221,209.27,82.271,209.64,9.016,209.26,88.615,209.65,23.691,209.25,79.001,209.66,145.857,209.24,52.211,209.68,9.0,209.23,15.671,209.69,23.875
1756903698.2739966,10225525497,1756903698123,209.43,11.365,209.44,10.417,209.42,10.934,209.45,15.159,209.41,16.122,209.46,21.041,209.4,17.799,209.47,144.964,209.39,29.814,209.48,9.0,209.38,32.52,209.5,23.875,209.37,70.024,209.51,63.58,209.36,50.902,209.52,0.19,209.35,25.643,209.53,47.75,209.34,56.428,209.54,18.0,209.33,46.362,209.55,28.353,209.32,82.229,209.56,54.907,209.31,121.725,209.59,84.419,209.3,34.647,209.6,79.634,209.29,34.346,209.63,55.221,209.28,25.962,209.64,9.016,209.27,82.271,209.65,23.691,209.26,88.615,209.66,145.857,209.25,79.001,209.68,9.0,209.24,52.211,209.69,23.875
1756903698.384798,10225525509,1756903698235,209.43,11.365,209.44,10.417,209.42,6.477,209.45,15.159,209.41,10.122,209.46,21.041,209.4,17.799,209.47,144.964,209.39,32.137,209.48,9.0,209.38,32.52,209.5,23.875,209.37,65.819,209.51,63.58,209.36,50.902,209.52,0.19,209.35,25.643,209.53,47.75,209.34,56.428,209.54,18.0,209.33,46.362,209.55,28.353,209.32,82.229,209.56,54.907,209.31,121.725,209.59,92.612,209.3,34.647,209.6,71.513,209.29,34.346,209.63,55.221,209.28,25.962,209.64,9.016,209.27,82.271,209.65,23.691,209.26,88.615,209.66,145.857,209.25,79.001,209.68,9.0,209.24,52.211,209.69,23.875
1756903698.4962673,10225525530,1756903698346,209.43,5.365,209.44,34.29,209.42,8.937,209.45,9.159,209.41,8.199,209.46,15.041,209.4,17.799,209.47,144.964,209.39,32.137,209.48,9.0,209.38,32.52,209.5,23.875,209.37,65.819,209.51,63.58,209.36,53.05,209.52,0.19,209.35,23.495,209.53,47.75,209.34,56.428,209.54,18.0,209.33,46.362,209.55,28.353,209.32,82.229,209.56,54.907,209.31,121.725,209.59,84.419,209.3,34.647,209.6,71.513,209.29,34.346,209.63,55.221,209.28,25.962,209.64,9.016,209.27,82.271,209.65,23.691,209.26,88.615,209.66,145.857,209.25,79.001,209.68,9.0,209.24,52.211,209.69,23.875
1756903698.6424222,10225525539,1756903698492,209.43,5.365,209.44,34.29,209.42,6.477,209.45,9.159,209.41,8.199,209.46,15.041,209.4,17.799,209.47,144.964,209.39,32.137,209.48,9.0,209.38,32.52,209.5,23.875,209.37,65.819,209.51,63.58,209.36,50.902,209.52,0.19,209.35,23.495,209.53,47.75,209.34,56.428,209.54,18.0,209.33,46.362,209.55,28.353,209.32,82.229,209.56,54.907,209.31,121.725,209.59,84.419,209.3,34.647,209.6,71.513,209.29,34.346,209.63,55.221,209.28,25.962,209.64,9.016,209.27,82.271,209.65,23.691,209.26,88.615,209.66,145.857,209.25,79.001,209.68,9.0,209.24,52.211,209.69,23.875
1756903698.766394,10225525550,1756903698621,209.43,5.365,209.44,34.767,209.42,6.477,209.45,9.159,209.41,8.199,209.46,15.041,209.4,17.799,209.47,144.964,209.39,29.814,209.48,9.0,209.38,24.053,209.5,23.875,209.37,73.144,209.51,63.58,209.36,50.902,209.52,0.19,209.35,25.643,209.53,47.75,209.34,56.428,209.54,76.858,209.33,46.362,209.55,28.353,209.32,82.229,209.56,54.907,209.31,121.725,209.58,5.56,209.3,34.647,209.59,84.419,209.29,34.346,209.6,71.513,209.28,25.962,209.63,55.221,209.27,82.271,209.64,9.016,209.26,88.615,209.65,23.691,209.25,79.001,209.66,145.857,209.24,52.211,209.68,9.0
1756903698.8782556,10225525553,1756903698728,209.43,0.948,209.44,34.767,209.42,6.477,209.45,9.159,209.41,8.199,209.46,15.041,209.4,17.799,209.47,144.964,209.39,29.814,209.48,9.0,209.38,24.053,209.5,23.875,209.37,73.144,209.51,63.58,209.36,50.902,209.52,0.19,209.35,25.643,209.53,47.75,209.34,56.428,209.54,76.858,209.33,46.362,209.55,28.353,209.32,82.229,209.56,54.907,209.31,121.725,209.58,5.56,209.3,34.647,209.59,84.419,209.29,34.346,209.6,71.513,209.28,25.962,209.63,55.221,209.27,82.271,209.64,9.016,209.26,88.615,209.65,23.691,209.25,79.001,209.66,145.857,209.24,52.211,209.68,9.0
1756903699.0173094,10225525562,1756903698874,209.43,0.334,209.44,34.767,209.42,0.477,209.45,5.793,209.41,8.199,209.46,15.041,209.4,17.799,209.47,144.964,209.39,29.814,209.48,9.0,209.38,24.053,209.5,23.875,209.37,73.144,209.51,63.58,209.36,50.902,209.52,0.19,209.35,23.495,209.53,47.75,209.34,58.576,209.54,76.858,209.33,46.362,209.55,28.353,209.32,82.229,209.56,54.907,209.31,121.725,209.58,5.56,209.3,34.647,209.59,84.419,209.29,34.346,209.6,71.513,209.28,25.962,209.63,55.221,209.27,82.271,209.64,9.016,209.26,88.615,209.65,23.691,209.25,79.001,209.66,145.857,209.24,52.211,209.68,9.0
1756903699.1660755,10225525571,1756903699014,209.43,3.678,209.44,35.767,209.42,0.477,209.45,11.793,209.41,8.199,209.46,15.041,209.4,17.799,209.47,144.964,209.39,29.814,209.48,9.0,209.38,24.053,209.5,23.875,209.37,73.144,209.51,63.58,209.36,50.902,209.52,0.19,209.35,23.495,209.53,47.75,209.34,58.576,209.54,76.858,209.33,46.362,209.55,28.353,209.32,82.229,209.56,54.907,209.31,121.725,209.58,5.56,209.3,34.647,209.59,84.419,209.29,34.346,209.6,71.513,209.28,25.962,209.63,55.221,209.27,82.271,209.64,9.016,209.26,88.615,209.65,23.691,209.25,79.001,209.66,145.857,209.24,52.211,209.68,9.0
1756903699.2907395,10225525576,1756903699134,209.43,1.0,209.44,35.767,209.42,0.477,209.45,11.793,209.41,8.199,209.46,15.041,209.4,17.799,209.47,144.964,209.39,29.814,209.48,9.0,209.38,24.053,209.5,23.875,209.37,73.144,209.51,63.58,209.36,50.902,209.52,0.19,209.35,23.495,209.53,47.75,209.34,58.576,209.54,76.858,209.33,46.362,209.55,28.353,209.32,82.229,209.56,54.907,209.31,121.725,209.58,5.56,209.3,34.647,209.59,84.419,209.29,34.346,209.6,71.513,209.28,25.962,209.63,55.221,209.27,82.271,209.64,9.016,209.26,88.615,209.65,23.691,209.25,79.001,209.66,145.857,209.24,52.211,209.68,9.0
1756903699.4064298,10225525585,1756903699256,209.43,5.417,209.44,35.767,209.42,0.477,209.45,5.793,209.41,8.199,209.46,15.041,209.4,17.799,209.47,144.964,209.39,29.814,209.48,9.0,209.38,24.053,209.5,23.875,209.37,73.144,209.51,63.58,209.36,50.902,209.52,0.19,209.35,23.495,209.53,47.75,209.34,56.428,209.54,76.858,209.33,46.362,209.55,28.353,209.32,82.229,209.56,54.907,209.31,121.725,209.58,5.56,209.3,34.647,209.59,84.419,209.29,34.346,209.6,71.513,209.28,25.962,209.63,55.221,209.27,82.271,209.64,9.016,209.26,88.615,209.65,23.691,209.25,79.001,209.66,145.857,209.24,52.211,209.68,9.0
1756903739.5998616,10225533558,1756903739460,209.27,5.516,209.28,29.188,209.25,4.234,209.3,13.942,209.24,13.665,209.31,15.89,209.23,16.163,209.33,0.597,209.22,35.929,209.34,102.58,209.21,30.916,209.36,9.0,209.2,76.091,209.38,79.259,209.19,26.024,209.39,56.76,209.18,2.234,209.4,9.129,209.17,31.091,209.41,48.125,209.16,76.572,209.42,28.486,209.15,193.973,209.43,16.162,209.14,32.629,209.44,59.542,209.13,89.179,209.45,23.875,209.12,33.388,209.46,189.481,209.11,32.885,209.47,35.557,209.1,16.644,209.48,4.807,209.09,51.198,209.49,20.667,209.08,27.083,209.5,72.857,209.07,69.237,209.51,9.0
1756903739.7140455,10225533562,1756903739572,209.27,4.417,209.28,29.188,209.25,5.333,209.3,13.942,209.24,13.665,209.31,15.89,209.23,16.163,209.33,0.597,209.22,35.929,209.34,102.58,209.21,43.576,209.36,9.0,209.2,76.091,209.38,79.259,209.19,26.024,209.39,56.76,209.18,2.234,209.4,9.129,209.17,31.091,209.41,48.125,209.16,76.572,209.42,28.486,209.15,193.973,209.43,16.162,209.14,32.629,209.44,59.542,209.13,89.179,209.45,23.875,209.12,33.388,209.46,189.481,209.11,32.885,209.47,35.557,209.1,16.644,209.48,4.807,209.09,51.198,209.49,20.667,209.08,27.083,209.5,72.857,209.07,69.237,209.51,9.0
1756903739.8187397,10225533568,1756903739678,209.27,4.894,209.28,29.188,209.25,5.333,209.3,13.942,209.24,13.665,209.31,15.89,209.23,16.163,209.33,0.597,209.22,35.929,209.34,102.58,209.21,43.576,209.36,9.0,209.2,76.091,209.38,79.259,209.19,26.024,209.39,56.76,209.18,2.234,209.4,9.129,209.17,31.091,209.41,48.125,209.16,76.572,209.42,28.486,209.15,193.973,209.43,16.162,209.14,32.629,209.44,59.542,209.13,89.179,209.45,23.875,209.12,33.388,209.46,189.481,209.11,32.885,209.47,35.557,209.1,16.644,209.48,4.807,209.09,51.198,209.49,20.667,209.08,27.083,209.5,72.857,209.07,69.237,209.51,9.0
1756903739.9647553,10225533569,1756903739823,209.27,4.894,209.28,29.188,209.26,6.0,209.3,13.942,209.25,5.333,209.31,15.89,209.24,13.665,209.33,0.597,209.23,16.163,209.34,102.58,209.22,35.929,209.36,9.0,209.21,43.576,209.38,79.259,209.2,76.091,209.39,56.76,209.19,26.024,209.4,9.129,209.18,2.234,209.41,48.125,209.17,31.091,209.42,28.486,209.16,76.572,209.43,16.162,209.15,193.973,209.44,59.542,209.14,32.629,209.45,23.875,209.13,89.179,209.46,189.481,209.12,33.388,209.47,35.557,209.11,32.885,209.48,4.807,209.1,16.644,209.49,20.667,209.09,51.198,209.5,72.857,209.08,27.083,209.51,9.0
1756903740.0753365,10225533573,1756903739932,209.27,4.894,209.28,29.188,209.26,6.0,209.3,13.942,209.25,5.333,209.31,15.89,209.24,13.665,209.33,0.597,209.23,16.163,209.34,102.58,209.22,35.929,209.36,9.0,209.21,43.576,209.38,79.259,209.2,76.091,209.39,56.76,209.19,26.024,209.4,9.129,209.18,2.234,209.41,48.125,209.17,31.091,209.42,28.486,209.16,76.572,209.43,16.162,209.15,193.973,209.44,59.542,209.14,32.629,209.45,23.875,209.13,89.179,209.46,189.481,209.12,33.388,209.47,35.557,209.11,32.885,209.48,4.807,209.1,16.644,209.49,20.667,209.09,51.198,209.5,72.857,209.08,27.083,209.51,9.0
1756903740.266544,10225533588,1756903740126,209.27,4.894,209.28,24.771,209.26,6.0,209.3,13.942,209.25,1.099,209.31,15.89,209.24,13.665,209.33,0.597,209.23,16.163,209.34,102.58,209.22,35.929,209.36,9.0,209.21,43.576,209.38,79.259,209.2,76.091,209.39,56.76,209.19,23.875,209.4,9.129,209.18,4.383,209.41,48.125,209.17,31.091,209.42,28.486,209.16,76.572,209.43,16.162,209.15,193.973,209.44,59.542,209.14,32.629,209.45,23.875,209.13,89.179,209.46,189.481,209.12,33.388,209.47,35.557,209.11,32.885,209.48,4.807,209.1,16.644,209.49,20.667,209.09,51.198,209.5,72.857,209.08,27.083,209.51,9.0
1756903740.3851893,10225533597,1756903740244,209.27,6.894,209.28,29.188,209.26,6.0,209.3,13.942,209.25,4.389,209.31,15.89,209.24,13.665,209.33,0.597,209.23,16.163,209.34,102.58,209.22,29.929,209.36,9.0,209.21,43.576,209.38,79.259,209.2,78.24,209.39,56.76,209.19,23.875,209.4,0.935,209.18,2.234,209.41,56.319,209.17,31.091,209.42,28.486,209.16,76.572,209.43,16.162,209.15,217.955,209.44,59.542,209.14,32.629,209.45,23.875,209.13,89.179,209.46,189.481,209.12,33.388,209.47,35.557,209.11,32.885,209.48,4.807,209.1,16.644,209.49,20.667,209.09,51.198,209.5,72.857,209.08,27.083,209.51,9.0
1756903740.4936566,10225533605,1756903740351,209.27,6.894,209.28,29.188,209.26,6.0,209.3,13.942,209.25,5.777,209.31,15.89,209.24,19.665,209.33,0.597,209.23,16.163,209.34,102.58,209.22,29.929,209.36,9.0,209.21,43.576,209.38,79.259,209.2,79.134,209.39,56.76,209.19,26.024,209.4,9.129,209.18,2.234,209.41,48.125,209.17,31.091,209.42,28.486,209.16,76.572,209.43,16.162,209.15,217.955,209.44,59.542,209.14,32.629,209.45,23.875,209.13,89.179,209.46,189.481,209.12,33.388,209.47,35.557,209.11,32.885,209.48,4.807,209.1,16.644,209.49,20.667,209.09,51.198,209.5,72.857,209.08,27.083,209.51,9.0
1756903740.6756992,10225533611,1756903740535,209.27,6.894,209.28,29.188,209.26,6.0,209.3,13.942,209.25,5.777,209.31,15.89,209.24,19.665,209.33,0.597,209.23,16.163,209.34,102.58,209.22,29.929,209.36,9.0,209.21,43.576,209.38,79.259,209.2,76.091,209.39,56.76,209.19,26.024,209.4,0.935,209.18,2.234,209.41,48.125,209.17,31.091,209.42,28.486,209.16,76.572,209.43,16.162,209.15,217.955,209.44,59.542,209.14,32.629,209.45,23.875,209.13,89.179,209.46,189.481,209.12,33.388,209.47,35.557,209.11,32.885,209.48,4.807,209.1,16.644,209.49,20.667,209.09,51.198,209.5,72.857,209.08,27.083,209.51,9.0
1756903740.8284197,10225533643,1756903740688,209.29,7.892,209.3,18.836,209.28,6.0,209.31,6.89,209.27,6.477,209.33,9.597,209.26,16.569,209.34,102.58,209.25,18.754,209.36,9.0,209.24,12.889,209.38,79.259,209.23,16.163,209.39,56.76,209.22,29.929,209.4,0.935,209.21,43.576,209.41,48.125,209.2,76.091,209.42,28.486,209.19,23.875,209.43,21.806,209.18,2.234,209.44,59.542,209.17,31.091,209.45,23.875,209.16,76.572,209.46,189.481,209.15,217.955,209.47,35.557,209.14,32.629,209.48,4.807,209.13,89.179,209.49,20.667,209.12,33.388,209.5,72.857,209.11,32.885,209.51,9.0,209.1,16.644,209.52,0.016
1756903740.9784653,10225533917,1756903740794,209.23,6.417,209.24,13.576,209.22,15.0,209.25,0.477,209.21,6.0,209.26,2.0,209.2,9.0,209.3,15.891,209.17,13.188,209.31,30.765,209.16,56.875,209.32,7.018,209.15,11.403,209.33,32.885,209.14,18.957,209.34,95.958,209.13,31.038,209.36,123.66,209.12,33.388,209.37,11.403,209.11,32.885,209.38,84.005,209.1,16.454,209.39,56.76,209.09,51.198,209.4,66.021,209.08,30.092,209.41,40.517,209.07,78.46,209.42,28.486,209.06,35.343,209.43,16.162,209.05,17.446,209.44,59.542,209.04,58.112,209.45,23.875,209.03,10.693,209.46,9.831,209.02,4.873,209.47,35.557
1756903741.0617514,10225533973,1756903740923,209.24,9.892,209.25,10.894,209.22,15.0,209.26,7.215,209.21,14.367,209.29,15.041,209.2,16.163,209.3,15.891,209.19,50.838,209.31,30.765,209.18,10.293,209.32,0.597,209.17,13.188,209.33,32.885,209.16,52.687,209.34,103.849,209.15,11.403,209.36,123.66,209.14,64.952,209.37,11.403,209.13,31.038,209.38,84.005,209.12,33.388,209.39,56.76,209.11,32.885,209.4,66.021,209.1,16.454,209.41,40.517,209.09,53.75,209.42,28.486,209.08,9.0,209.43,16.162,209.07,193.12,209.44,59.542,209.06,35.343,209.45,23.875,209.05,17.446,209.46,9.831,209.04,52.112,209.47,35.557
1756903741.17024,10225533998,1756903741030,209.24,9.892,209.25,6.477,209.23,4.5,209.26,7.215,209.22,19.31,209.29,15.041,209.21,14.367,209.3,15.891,209.2,23.356,209.31,30.765,209.19,47.75,209.32,0.597,209.18,4.188,209.33,32.885,209.17,25.479,209.34,95.958,209.16,52.687,209.36,123.66,209.15,11.403,209.37,19.329,209.14,64.952,209.38,28.621,209.13,31.038,209.39,56.76,209.12,33.388,209.4,75.021,209.11,32.885,209.41,40.517,209.1,16.454,209.42,28.486,209.09,56.243,209.43,16.162,209.08,9.0,209.44,59.542,209.07,193.12,209.45,23.875,209.06,35.343,209.46,9.831,209.05,17.446,209.47,26.557
1756903741.2838156,10225534012,1756903741143,209.24,9.892,209.25,10.894,209.22,16.8,209.26,7.215,209.2,31.723,209.29,15.041,209.19,47.75,209.3,15.891,209.18,7.533,209.31,30.765,209.17,25.479,209.32,0.597,209.16,52.687,209.33,32.885,209.15,23.8,209.34,95.958,209.14,64.952,209.36,123.66,209.13,31.038,209.37,19.329,209.12,33.388,209.38,34.266,209.11,32.885,209.39,56.76,209.1,16.454,209.4,75.021,209.09,56.243,209.41,40.517,209.08,9.0,209.42,28.486,209.07,193.12,209.43,16.162,209.06,35.343,209.44,59.542,209.05,17.446,209.45,23.875,209.04,52.112,209.46,9.831,209.03,18.624,209.47,26.557
1756903741.4184065,10225534048,1756903741276,209.24,2.0,209.25,10.894,209.2,23.356,209.26,7.215,209.19,51.517,209.29,15.041,209.18,7.533,209.3,15.891,209.17,23.33,209.31,30.765,209.16,52.687,209.32,0.597,209.15,23.8,209.33,89.073,209.14,67.102,209.34,95.958,209.13,31.038,209.36,123.66,209.12,33.388,209.37,19.329,209.11,32.885,209.38,28.621,209.1,16.454,209.39,56.76,209.09,56.243,209.4,75.021,209.08,9.0,209.41,40.517,209.07,193.12,209.42,28.486,209.06,35.343,209.43,16.162,209.05,17.446,209.44,59.542,209.04,54.145,209.45,23.875,209.03,18.624,209.46,9.831,209.02,21.089,209.47,26.557
1756903741.5586371,10225534066,1756903741413,209.24,2.0,209.25,10.894,209.22,0.477,209.26,7.215,209.2,23.356,209.28,0.597,209.19,47.75,209.29,15.041,209.18,7.533,209.3,15.891,209.17,23.33,209.31,30.765,209.16,52.687,209.33,89.073,209.15,23.8,209.34,95.958,209.14,64.952,209.35,5.646,209.13,31.038,209.36,123.66,209.12,33.388,209.37,19.329,209.11,32.885,209.38,28.621,209.1,16.454,209.39,56.76,209.09,56.243,209.4,75.021,209.08,9.0,209.41,40.517,209.07,193.12,209.42,28.486,209.06,35.343,209.43,16.162,209.05,17.446,209.44,59.542,209.04,54.145,209.45,23.875,209.03,18.624,209.46,9.831
1756903741.6580663,10225534075,1756903741518,209.24,2.0,209.25,10.894,209.22,0.477,209.26,7.215,209.2,23.356,209.28,0.597,209.19,47.75,209.29,15.041,209.18,7.533,209.3,15.891,209.17,23.33,209.31,30.765,209.16,52.687,209.33,89.073,209.15,23.8,209.34,95.958,209.14,64.952,209.35,5.646,209.13,31.038,209.36,123.66,209.12,33.388,209.37,19.329,209.11,32.885,209.38,28.621,209.1,16.454,209.39,56.76,209.09,56.243,209.4,75.021,209.08,9.0,209.41,40.517,209.07,193.12,209.42,28.486,209.06,35.343,209.43,16.162,209.05,17.446,209.44,59.542,209.04,54.145,209.45,23.875,209.03,18.624,209.46,9.831
1756903741.762717,10225534103,1756903741622,209.22,2.0,209.23,10.394,209.2,14.356,209.25,19.894,209.19,47.75,209.26,7.215,209.18,3.345,209.28,0.597,209.17,31.698,209.29,15.041,209.16,52.687,209.3,39.766,209.15,23.8,209.31,30.765,209.14,67.102,209.33,89.073,209.13,31.038,209.34,101.604,209.12,33.388,209.36,123.66,209.11,32.885,209.37,19.329,209.1,16.454,209.38,28.621,209.09,50.243,209.39,56.76,209.08,9.0,209.4,75.021,209.07,193.12,209.41,40.517,209.06,35.343,209.42,28.486,209.05,17.446,209.43,16.162,209.04,54.145,209.44,59.542,209.03,18.624,209.45,23.875,209.02,21.089,209.46,9.831
1756903741.9183233,10225534125,1756903741775,209.22,2.0,209.23,6.0,209.21,12.0,209.25,19.894,209.19,47.75,209.28,6.889,209.18,4.792,209.29,15.041,209.17,31.698,209.3,39.766,209.16,56.873,209.31,30.765,209.15,23.8,209.33,89.073,209.14,67.102,209.34,101.604,209.13,31.038,209.36,130.824,209.12,33.388,209.37,19.329,209.11,32.885,209.38,28.621,209.1,16.454,209.39,56.76,209.09,50.243,209.4,75.021,209.08,9.0,209.41,40.517,209.07,193.12,209.42,28.486,209.06,35.343,209.43,9.0,209.05,17.446,209.44,59.542,209.04,54.145,209.45,23.875,209.03,18.624,209.46,9.831,209.02,4.873,209.47,33.739
1756903742.029615,10225534136,1756903741890,209.22,8.0,209.23,12.033,209.21,6.0,209.24,2.0,209.2,14.704,209.25,13.894,209.19,47.75,209.28,6.889,209.18,4.792,209.29,15.041,209.17,31.698,209.3,39.766,209.16,56.873,209.31,30.765,209.15,23.8,209.33,89.073,209.14,64.952,209.34,101.604,209.13,31.038,209.36,130.824,209.12,33.388,209.37,19.329,209.11,32.885,209.38,28.621,209.1,16.454,209.39,56.76,209.09,52.943,209.4,75.021,209.08,9.0,209.41,40.517,209.07,193.12,209.42,28.486,209.06,35.343,209.43,9.0,209.05,17.446,209.44,59.542,209.04,54.145,209.45,23.875,209.03,18.624,209.46,9.831
1756903742.1608102,10225534141,1756903742019,209.22,8.0,209.23,6.0,209.21,6.0,209.24,2.0,209.2,14.704,209.25,13.894,209.19,47.75,209.28,6.889,209.18,4.792,209.29,15.041,209.17,31.698,209.3,39.766,209.16,56.873,209.31,30.765,209.15,23.8,209.33,89.073,209.14,67.102,209.34,101.604,209.13,31.038,209.36,130.824,209.12,33.388,209.37,19.329,209.11,32.885,209.38,28.621,209.1,16.454,209.39,56.76,209.09,52.943,209.4,75.021,209.08,9.0,209.41,40.517,209.07,193.12,209.42,28.486,209.06,35.343,209.43,9.0,209.05,17.446,209.44,59.542,209.04,54.145,209.45,23.875,209.03,18.624,209.46,9.831
1756903742.2730534,10225534148,1756903742130,209.22,8.0,209.23,6.0,209.21,6.477,209.24,2.0,209.2,14.704,209.25,13.894,209.19,47.75,209.28,30.764,209.18,4.792,209.29,15.041,209.17,31.698,209.3,39.766,209.16,56.873,209.31,30.765,209.15,23.8,209.33,89.073,209.14,67.102,209.34,101.604,209.13,31.038,209.36,130.824,209.12,33.388,209.37,19.329,209.11,32.885,209.38,28.621,209.1,16.454,209.39,56.76,209.09,52.943,209.4,75.021,209.08,9.0,209.41,40.517,209.07,193.12,209.42,28.486,209.06,35.343,209.43,9.0,209.05,17.446,209.44,59.542,209.04,54.145,209.45,23.875,209.03,18.624,209.46,9.831
1756903742.4116461,10225534153,1756903742270,209.22,8.0,209.23,6.0,209.21,6.477,209.24,2.0,209.2,6.0,209.25,4.894,209.19,47.75,209.28,30.764,209.18,4.792,209.29,15.041,209.17,31.698,209.3,39.766,209.16,56.873,209.31,30.765,209.15,23.8,209.33,89.073,209.14,67.102,209.34,101.604,209.13,31.038,209.36,130.824,209.12,37.937,209.37,19.329,209.11,32.885,209.38,28.621,209.1,16.454,209.39,56.76,209.09,52.943,209.4,75.021,209.08,9.0,209.41,40.517,209.07,193.12,209.42,28.508,209.06,35.343,209.43,9.0,209.05,17.446,209.44,59.542,209.04,54.145,209.45,23.875,209.03,18.624,209.46,9.831
1756903742.5600731,10225534167,1756903742423,209.22,8.0,209.23,6.0,209.21,6.477,209.24,2.0,209.2,16.543,209.25,4.894,209.19,47.75,209.26,0.597,209.18,4.792,209.27,7.52,209.17,31.698,209.28,30.167,209.16,56.873,209.3,39.766,209.15,23.8,209.31,30.765,209.14,67.102,209.33,89.073,209.13,31.038,209.34,101.604,209.12,37.937,209.36,130.824,209.11,32.885,209.37,19.329,209.1,16.454,209.38,28.621,209.09,52.943,209.39,56.76,209.08,9.0,209.4,75.021,209.07,193.12,209.41,40.517,209.06,35.343,209.42,28.508,209.05,17.446,209.43,9.0,209.04,54.145,209.44,59.542,209.03,18.624,209.45,23.875
1756903742.6638892,10225534171,1756903742524,209.22,8.0,209.23,6.0,209.21,6.477,209.24,2.0,209.2,16.543,209.25,4.894,209.19,47.75,209.26,0.597,209.18,4.792,209.27,7.52,209.17,31.698,209.28,30.167,209.16,56.873,209.3,39.766,209.15,23.8,209.31,30.765,209.14,67.102,209.33,89.073,209.13,31.038,209.34,101.604,209.12,37.937,209.36,130.824,209.11,32.885,209.37,19.329,209.1,16.454,209.38,28.621,209.09,52.943,209.39,56.76,209.08,9.0,209.4,75.021,209.07,193.12,209.41,40.517,209.06,35.343,209.42,28.508,209.05,17.446,209.43,9.0,209.04,54.145,209.44,59.542,209.03,18.624,209.45,23.875
1756903742.8366225,10225534183,1756903742696,209.22,8.0,209.23,6.0,209.21,6.477,209.24,2.0,209.2,16.543,209.25,4.894,209.19,49.885,209.26,0.597,209.18,10.463,209.27,7.52,209.17,23.33,209.28,30.167,209.16,56.873,209.3,39.766,209.15,25.95,209.31,30.765,209.14,64.952,209.33,89.073,209.13,31.038,209.34,95.958,209.12,37.937,209.36,138.88,209.11,32.885,209.37,19.329,209.1,16.454,209.38,28.621,209.09,52.943,209.39,57.715,209.08,64.926,209.4,75.021,209.07,193.12,209.41,40.517,209.06,35.343,209.42,28.508,209.05,17.446,209.43,9.0,209.04,54.145,209.44,59.542,209.03,18.624,209.45,23.875
1756903743.0078447,10225534194,1756903742868,209.22,8.0,209.23,6.0,209.21,6.477,209.24,2.0,209.2,16.543,209.25,4.894,209.19,49.885,209.26,0.597,209.18,10.463,209.27,7.52,209.17,23.33,209.28,30.167,209.16,56.873,209.3,39.766,209.15,23.8,209.31,30.765,209.14,64.952,209.33,89.073,209.13,31.038,209.34,95.958,209.12,37.937,209.35,8.056,209.11,32.885,209.36,130.824,209.1,16.454,209.37,19.329,209.09,69.383,209.38,28.621,209.08,64.926,209.39,57.715,209.07,193.12,209.4,75.021,209.06,35.343,209.41,40.517,209.05,17.446,209.42,28.508,209.04,54.145,209.43,9.0,209.03,18.624,209.44,59.542
1756903743.1599557,10225534201,1756903743018,209.22,8.0,209.23,6.0,209.21,6.477,209.24,2.0,209.2,16.543,209.25,4.894,209.19,49.885,209.26,9.597,209.18,10.463,209.27,7.52,209.17,23.33,209.28,30.167,209.16,56.873,209.3,39.766,209.15,23.8,209.31,30.765,209.14,67.102,209.33,89.073,209.13,31.038,209.34,95.958,209.12,37.937,209.35,8.056,209.11,32.885,209.36,130.824,209.1,16.454,209.37,19.329,209.09,69.383,209.38,28.621,209.08,64.926,209.39,57.715,209.07,193.12,209.4,75.021,209.06,35.343,209.41,40.517,209.05,17.446,209.42,28.508,209.04,54.145,209.43,9.0,209.03,18.624,209.44,59.542
1756903743.3298247,10225534206,1756903743188,209.22,8.0,209.23,6.0,209.21,6.477,209.24,2.0,209.2,16.543,209.25,4.894,209.19,49.885,209.26,9.597,209.18,10.463,209.27,7.52,209.17,23.33,209.28,30.167,209.16,56.873,209.3,39.766,209.15,23.8,209.31,30.765,209.14,67.102,209.33,89.073,209.13,31.038,209.34,47.75,209.12,37.937,209.35,8.056,209.11,32.885,209.36,130.824,209.1,16.454,209.37,19.329,209.09,69.383,209.38,28.621,209.08,64.926,209.39,57.715,209.07,193.12,209.4,75.021,209.06,35.343,209.41,40.517,209.05,17.446,209.42,28.508,209.04,54.145,209.43,9.0,209.03,18.624,209.44,59.542
1756903743.447467,10225534214,1756903743307,209.22,8.0,209.23,6.0,209.21,6.477,209.24,2.0,209.2,6.0,209.25,4.894,209.19,49.885,209.26,9.597,209.18,10.463,209.27,7.52,209.17,23.33,209.28,78.376,209.16,56.873,209.3,39.766,209.15,23.8,209.31,30.765,209.14,64.952,209.33,89.073,209.13,31.038,209.34,55.807,209.12,37.937,209.36,130.824,209.11,32.885,209.37,19.329,209.1,16.454,209.38,28.621,209.09,69.383,209.39,57.715,209.08,64.926,209.4,75.021,209.07,193.12,209.41,40.517,209.06,35.343,209.42,28.508,209.05,17.446,209.43,9.0,209.04,54.145,209.44,59.542,209.03,18.624,209.45,23.875
1756903743.608458,10225534250,1756903743468,209.22,8.0,209.23,6.0,209.21,6.477,209.24,2.0,209.2,6.0,209.25,4.894,209.19,49.885,209.26,9.597,209.18,10.463,209.27,7.52,209.17,23.33,209.28,78.376,209.16,56.873,209.3,39.766,209.15,23.8,209.31,30.765,209.14,64.952,209.33,89.073,209.13,31.038,209.34,55.807,209.12,37.937,209.36,130.824,209.11,32.885,209.37,19.329,209.1,16.454,209.38,28.621,209.09,69.383,209.39,57.715,209.08,64.926,209.4,75.021,209.07,193.12,209.41,40.517,209.06,35.343,209.42,28.508,209.05,17.446,209.43,9.0,209.04,54.145,209.44,59.542,209.03,18.624,209.45,23.875
1756903743.7480125,10225534254,1756903743605,209.22,8.0,209.23,6.0,209.21,6.477,209.24,2.0,209.2,6.0,209.25,4.894,209.19,49.885,209.26,9.597,209.18,10.463,209.27,7.52,209.17,23.33,209.28,78.376,209.16,56.873,209.3,39.766,209.15,23.8,209.31,30.765,209.14,64.952,209.33,89.073,209.13,31.038,209.34,55.807,209.12,37.937,209.36,130.824,209.11,32.885,209.37,19.329,209.1,16.454,209.38,28.621,209.09,69.383,209.39,57.715,209.08,64.926,209.4,75.021,209.07,193.12,209.41,40.517,209.06,35.343,209.42,28.508,209.05,17.446,209.43,9.0,209.04,54.145,209.44,59.542,209.03,18.624,209.45,23.875
1756903743.8489587,10225534257,1756903743707,209.22,8.0,209.23,6.0,209.21,6.477,209.24,2.0,209.2,6.0,209.25,4.894,209.19,49.885,209.26,9.597,209.18,10.463,209.27,7.52,209.17,23.33,209.28,78.376,209.16,56.873,209.3,39.766,209.15,23.8,209.31,30.765,209.14,67.102,209.33,89.073,209.13,31.038,209.34,55.807,209.12,37.937,209.36,130.824,209.11,32.885,209.37,19.329,209.1,16.454,209.38,28.621,209.09,69.383,209.39,57.715,209.08,64.926,209.4,75.021,209.07,193.12,209.41,40.517,209.06,35.343,209.42,28.508,209.05,17.446,209.43,9.0,209.04,54.145,209.44,59.542,209.03,18.624,209.45,23.875
1756903743.9620562,10225534279,1756903743821,209.23,4.317,209.24,6.0,209.22,6.0,209.25,4.894,209.21,6.477,209.26,9.597,209.2,6.0,209.27,7.52,209.19,49.885,209.28,78.376,209.18,10.463,209.3,39.766,209.17,27.513,209.31,30.765,209.16,56.873,209.33,89.073,209.15,23.8,209.34,55.807,209.14,67.102,209.36,130.824,209.13,31.038,209.37,19.329,209.12,37.937,209.38,28.621,209.11,32.885,209.39,57.715,209.1,16.454,209.4,75.021,209.09,69.383,209.41,40.517,209.08,64.926,209.42,28.508,209.07,193.12,209.43,9.0,209.06,35.343,209.44,59.542,209.05,17.446,209.45,23.875,209.04,54.145,209.46,9.831
1756903744.0648258,10225534288,1756903743923,209.23,4.317,209.24,6.0,209.21,6.477,209.25,4.894,209.2,6.0,209.26,9.597,209.19,49.885,209.27,7.52,209.18,10.463,209.28,78.376,209.17,27.513,209.3,39.766,209.16,52.687,209.31,30.765,209.15,23.8,209.33,89.073,209.14,67.102,209.34,55.807,209.13,31.038,209.36,130.824,209.12,37.937,209.37,19.329,209.11,32.885,209.38,28.621,209.1,16.454,209.39,57.715,209.09,69.383,209.4,75.021,209.08,64.926,209.41,40.517,209.07,193.12,209.42,28.508,209.06,35.343,209.43,9.0,209.05,17.446,209.44,59.542,209.04,54.145,209.45,23.875,209.03,18.624,209.46,9.831
1756903744.1643462,10225534367,1756903744023,209.19,8.0,209.2,4.394,209.18,12.0,209.22,6.477,209.17,9.0,209.23,9.0,209.16,52.687,209.24,8.854,209.15,23.8,209.25,4.417,209.14,64.952,209.26,9.597,209.13,35.221,209.27,55.28,209.12,37.937,209.28,78.376,209.11,32.885,209.3,39.766,209.1,18.604,209.31,30.765,209.09,69.383,209.33,89.073,209.08,64.926,209.34,56.335,209.07,193.12,209.36,130.824,209.06,35.343,209.37,11.403,209.05,17.446,209.38,28.621,209.04,52.112,209.39,57.715,209.03,10.693,209.4,75.021,209.02,4.873,209.41,40.517,209.01,6.239,209.42,28.508,209.0,25.305,209.43,9.0
1756903744.2671363,10225534404,1756903744125,209.19,8.0,209.2,1.0,209.18,6.0,209.22,6.477,209.17,25.13,209.23,17.52,209.16,58.687,209.24,8.854,209.15,29.133,209.25,11.066,209.14,64.952,209.26,9.597,209.13,35.221,209.27,47.76,209.12,37.937,209.28,72.084,209.11,35.035,209.3,39.766,209.1,16.454,209.31,30.765,209.09,69.383,209.32,8.058,209.08,64.926,209.33,89.073,209.07,127.86,209.34,56.335,209.06,35.343,209.36,130.824,209.05,17.446,209.37,11.403,209.04,52.112,209.38,28.621,209.03,10.693,209.39,57.715,209.02,70.187,209.4,9.935,209.01,5.284,209.41,40.517,209.0,25.305,209.42,28.508
1756903744.3719192,10225534427,1756903744231,209.19,8.0,209.2,5.394,209.18,6.0,209.21,3.407,209.17,25.13,209.22,6.477,209.16,58.687,209.23,17.52,209.15,29.133,209.24,8.854,209.14,64.952,209.25,11.066,209.13,42.341,209.26,9.597,209.12,37.937,209.27,47.76,209.11,32.885,209.28,72.084,209.1,18.604,209.3,39.766,209.09,69.383,209.31,38.823,209.08,64.926,209.32,11.403,209.07,127.86,209.33,89.073,209.06,35.343,209.34,56.335,209.05,17.446,209.36,130.824,209.04,52.112,209.37,11.403,209.03,10.693,209.38,28.621,209.02,70.187,209.39,57.715,209.01,5.284,209.4,9.935,209.0,25.305,209.41,40.517
1756903744.4890256,10225534484,1756903744349,209.19,6.417,209.2,9.811,209.16,6.016,209.22,7.074,209.15,17.73,209.23,17.52,209.14,16.808,209.24,32.729,209.13,42.341,209.25,6.649,209.12,26.697,209.26,9.0,209.11,9.0,209.27,47.76,209.1,16.454,209.28,72.084,209.09,69.04,209.3,39.766,209.08,64.926,209.31,39.172,209.07,127.86,209.32,11.403,209.06,37.836,209.33,98.073,209.05,17.446,209.34,47.75,209.04,52.112,209.36,130.824,209.03,10.693,209.37,11.403,209.02,70.187,209.38,23.875,209.01,3.066,209.39,56.76,209.0,16.718,209.4,0.935,208.99,35.593,209.41,40.517,208.98,69.713,209.42,28.508
1756903744.5895252,10225534512,1756903744449,209.19,2.0,209.2,9.811,209.16,6.016,209.22,7.074,209.14,16.808,209.23,17.52,209.13,35.221,209.24,37.318,209.12,35.12,209.25,6.649,209.11,9.0,209.26,9.0,209.1,16.454,209.27,47.76,209.09,69.04,209.28,72.084,209.08,64.926,209.3,39.766,209.07,127.86,209.31,39.172,209.06,37.836,209.32,11.403,209.05,17.446,209.33,41.885,209.04,50.89,209.34,47.75,209.03,10.693,209.36,130.824,209.02,71.409,209.37,11.403,209.01,3.066,209.38,23.875,209.0,16.718,209.39,56.76,208.99,35.593,209.4,2.157,208.98,69.713,209.41,40.517,208.97,134.31,209.42,23.875
1756903744.701447,10225534605,1756903744559,209.19,12.117,209.2,5.417,209.17,0.478,209.22,6.0,209.16,6.016,209.23,8.52,209.15,6.428,209.24,8.854,209.14,30.361,209.25,11.093,209.13,28.058,209.26,9.0,209.12,26.697,209.27,23.875,209.11,32.885,209.28,23.875,209.1,20.925,209.3,39.766,209.09,66.89,209.31,30.765,209.08,64.926,209.33,41.885,209.07,127.86,209.34,56.247,209.06,37.836,209.36,130.824,209.05,17.446,209.37,11.403,209.04,50.89,209.38,23.875,209.03,10.693,209.39,56.76,209.02,71.409,209.4,2.157,209.01,3.066,209.41,40.517,209.0,25.212,209.42,23.875,208.99,59.468,209.43,9.0
1756903744.8033495,10225534637,1756903744662,209.19,8.0,209.2,5.417,209.17,0.478,209.22,6.0,209.16,6.016,209.23,17.52,209.15,6.428,209.24,32.729,209.14,28.211,209.25,34.968,209.13,35.221,209.26,57.136,209.12,49.979,209.27,47.76,209.11,81.021,209.28,23.875,209.1,20.925,209.29,56.175,209.09,66.89,209.3,39.766,209.08,64.926,209.31,30.765,209.07,127.86,209.32,11.403,209.06,37.836,209.33,41.885,209.05,17.446,209.34,56.247,209.04,50.89,209.36,130.824,209.03,10.693,209.37,11.403,209.02,71.409,209.38,23.875,209.01,3.066,209.39,56.76,209.0,25.212,209.4,2.157,208.99,59.468,209.41,40.517
1756903744.9051747,10225534681,1756903744764,209.16,11.433,209.17,1.0,209.15,6.428,209.19,4.0,209.14,28.211,209.2,0.478,209.13,35.221,209.22,0.597,209.12,40.663,209.23,17.52,209.11,57.136,209.24,30.729,209.1,31.499,209.25,34.968,209.09,66.89,209.26,57.136,209.08,64.926,209.27,47.76,209.07,127.86,209.28,23.875,209.06,37.836,209.29,63.041,209.05,17.446,209.3,39.766,209.04,50.89,209.31,30.765,209.03,10.693,209.32,11.403,209.02,71.409,209.33,41.885,209.01,3.066,209.34,56.247,209.0,25.212,209.36,130.824,208.99,59.468,209.37,11.403,208.98,69.713,209.38,23.875,208.97,125.903,209.39,56.76
1756903745.0194006,10225534710,1756903744878,209.16,20.433,209.17,1.0,209.15,12.428,209.19,4.0,209.14,28.211,209.2,0.478,209.13,33.071,209.21,23.875,209.12,40.663,209.22,9.117,209.11,58.477,209.23,9.0,209.1,20.925,209.24,57.195,209.09,80.507,209.25,34.968,209.08,64.926,209.26,57.136,209.07,127.86,209.27,47.76,209.06,37.836,209.28,23.875,209.05,17.446,209.29,63.041,209.04,50.89,209.3,39.766,209.03,10.693,209.31,30.765,209.02,71.409,209.32,11.403,209.01,3.066,209.33,41.885,209.0,25.212,209.34,56.247,208.99,59.468,209.36,130.824,208.98,69.713,209.37,11.403,208.97,125.903,209.38,23.875
1756903745.1347346,10225534728,1756903744994,209.16,20.433,209.17,1.0,209.15,12.428,209.19,4.0,209.14,28.211,209.2,0.478,209.13,33.071,209.21,23.875,209.12,40.663,209.22,9.117,209.11,60.627,209.23,9.0,209.1,29.349,209.24,57.195,209.09,69.933,209.25,34.968,209.08,101.055,209.26,57.136,209.07,130.851,209.27,47.76,209.06,37.836,209.28,23.875,209.05,17.446,209.29,63.041,209.04,50.89,209.3,39.766,209.03,30.471,209.31,30.765,209.02,71.409,209.32,11.403,209.01,3.066,209.33,41.885,209.0,25.212,209.34,56.247,208.99,58.513,209.36,130.824,208.98,69.713,209.37,11.403,208.97,125.903,209.38,23.875
1756903745.2610266,10225534746,1756903745121,209.16,20.433,209.17,5.417,209.15,12.428,209.19,4.0,209.14,28.211,209.2,0.478,209.13,33.071,209.21,23.875,209.12,40.663,209.22,9.117,209.11,66.901,209.23,9.0,209.1,23.075,209.24,57.195,209.09,69.933,209.25,34.968,209.08,101.055,209.26,57.136,209.07,130.851,209.27,47.76,209.06,37.836,209.28,23.875,209.05,17.446,209.29,63.041,209.04,50.89,209.3,39.766,209.03,30.471,209.31,30.765,209.02,71.409,209.32,11.403,209.01,5.256,209.33,41.885,209.0,31.479,209.34,56.247,208.99,58.513,209.36,130.824,208.98,69.713,209.37,11.403,208.97,125.903,209.38,23.875
1756903745.4023807,10225534762,1756903745251,209.16,20.911,209.17,5.417,209.15,12.428,209.19,4.0,209.14,28.211,209.2,0.478,209.13,34.971,209.21,23.875,209.12,49.086,209.22,9.117,209.11,58.477,209.23,9.0,209.1,23.075,209.24,57.195,209.09,69.933,209.25,34.968,209.08,101.055,209.26,57.136,209.07,130.851,209.27,47.76,209.06,37.836,209.28,23.875,209.05,17.446,209.29,63.041,209.04,50.89,209.3,39.766,209.03,30.471,209.31,30.765,209.02,71.409,209.32,11.403,209.01,5.256,209.33,41.885,209.0,31.479,209.34,56.247,208.99,58.513,209.36,130.824,208.98,69.713,209.37,11.403,208.97,125.903,209.38,23.875
1756903745.4905636,10225534768,1756903745351,209.16,20.911,209.17,5.417,209.15,12.428,209.19,4.0,209.14,28.211,209.2,0.478,209.13,34.971,209.21,23.875,209.12,49.086,209.22,9.117,209.11,58.477,209.23,15.639,209.1,23.075,209.24,57.195,209.09,66.89,209.25,28.319,209.08,101.055,209.26,57.136,209.07,130.851,209.27,47.76,209.06,37.836,209.28,23.875,209.05,17.446,209.29,63.041,209.04,50.89,209.3,39.766,209.03,30.471,209.31,30.765,209.02,71.409,209.32,11.403,209.01,5.256,209.33,41.885,209.0,31.479,209.34,56.247,208.99,58.513,209.36,130.824,208.98,69.713,209.37,11.403,208.97,125.903,209.38,23.875
1756903745.6499293,10225534775,1756903745507,209.16,20.911,209.17,1.0,209.15,12.428,209.19,4.0,209.14,28.211,209.2,0.478,209.13,34.971,209.21,23.875,209.12,49.086,209.22,9.117,209.11,58.477,209.23,15.639,209.1,23.075,209.24,57.195,209.09,66.89,209.25,28.319,209.08,101.055,209.26,57.136,209.07,130.851,209.27,47.76,209.06,37.836,209.28,23.875,209.05,17.446,209.29,63.041,209.04,50.89,209.3,39.766,209.03,30.471,209.31,30.765,209.02,71.409,209.32,11.403,209.01,5.256,209.33,41.885,209.0,31.479,209.34,56.247,208.99,58.513,209.36,130.824,208.98,69.713,209.37,11.403,208.97,125.903,209.38,23.875
1756903745.772929,10225534810,1756903745632,209.18,15.892,209.19,9.417,209.17,6.0,209.2,0.478,209.16,15.494,209.21,23.875,209.15,6.0,209.22,32.992,209.14,36.702,209.23,15.639,209.13,41.494,209.24,57.195,209.12,40.663,209.25,28.319,209.11,60.627,209.26,57.136,209.1,20.925,209.27,47.76,209.09,66.89,209.28,23.875,209.08,101.055,209.29,56.175,209.07,130.851,209.3,39.766,209.06,37.836,209.31,30.765,209.05,17.446,209.32,11.403,209.04,50.89,209.33,41.885,209.03,30.471,209.34,56.247,209.02,71.409,209.36,130.824,209.01,5.256,209.37,11.403,209.0,31.479,209.38,23.875,208.99,58.513,209.39,56.76
1756903745.9010217,10225534832,1756903745764,209.18,11.475,209.19,9.417,209.17,6.0,209.2,0.478,209.16,15.494,209.21,23.875,209.15,13.921,209.22,32.992,209.14,36.702,209.23,15.639,209.13,41.494,209.24,57.195,209.12,40.663,209.25,28.319,209.11,57.136,209.26,57.136,209.1,18.604,209.27,47.76,209.09,66.89,209.28,23.875,209.08,101.055,209.29,56.175,209.07,130.851,209.3,39.766,209.06,37.836,209.31,47.407,209.05,17.446,209.32,11.403,209.04,50.89,209.33,41.885,209.03,30.471,209.34,56.247,209.02,71.409,209.36,130.824,209.01,5.256,209.37,11.403,209.0,31.479,209.38,23.875,208.99,58.513,209.39,56.76
1756903746.015405,10225534843,1756903745878,209.18,5.475,209.19,9.417,209.16,15.494,209.2,0.478,209.15,7.921,209.21,23.875,209.14,36.702,209.22,32.992,209.13,33.071,209.23,15.639,209.12,40.663,209.24,57.195,209.11,57.136,209.25,28.319,209.1,18.604,209.26,57.136,209.09,66.89,209.27,47.76,209.08,101.055,209.28,23.875,209.07,130.851,209.29,56.175,209.06,37.836,209.3,39.766,209.05,17.446,209.31,47.407,209.04,50.89,209.32,11.403,209.03,30.471,209.33,41.885,209.02,71.409,209.34,56.247,209.01,5.256,209.36,130.824,209.0,31.479,209.37,11.403,208.99,58.513,209.38,23.875,208.98,69.713,209.39,56.76
1756903746.1455884,10225534858,1756903746007,209.18,5.475,209.19,9.417,209.16,0.494,209.2,0.478,209.14,25.299,209.21,23.875,209.13,33.071,209.22,32.992,209.12,40.663,209.23,15.639,209.11,57.136,209.24,57.195,209.1,16.454,209.25,28.319,209.09,73.524,209.26,57.136,209.08,101.055,209.27,47.76,209.07,130.851,209.28,23.875,209.06,37.836,209.29,56.175,209.05,17.446,209.3,39.766,209.04,50.89,209.31,56.437,209.03,30.471,209.32,11.403,209.02,71.409,209.33,41.885,209.01,5.256,209.34,47.75,209.0,31.479,209.36,130.824,208.99,58.513,209.37,11.403,208.98,69.713,209.38,23.875,208.97,125.903,209.39,56.76
1756903746.4600413,10225534871,1756903746317,209.18,9.892,209.19,9.417,209.16,0.494,209.2,0.478,209.14,25.299,209.21,23.875,209.13,33.071,209.22,32.992,209.12,40.663,209.23,15.639,209.11,57.136,209.24,57.195,209.1,16.454,209.25,28.319,209.09,73.524,209.26,57.136,209.08,101.055,209.27,47.76,209.07,130.851,209.28,23.875,209.06,37.836,209.29,56.175,209.05,17.446,209.3,39.766,209.04,50.89,209.31,56.437,209.03,30.471,209.32,11.403,209.02,71.409,209.33,41.885,209.01,5.256,209.34,47.75,209.0,31.479,209.36,130.824,208.99,58.513,209.37,11.403,208.98,69.713,209.38,23.875,208.97,125.903,209.39,56.76
1756903746.5663455,10225534886,1756903746425,209.18,5.475,209.19,9.417,209.16,0.494,209.2,6.998,209.15,4.5,209.21,23.875,209.14,25.299,209.22,24.472,209.13,33.071,209.23,15.639,209.12,40.663,209.24,57.195,209.11,57.136,209.25,28.319,209.1,16.454,209.26,57.136,209.09,57.084,209.27,47.76,209.08,45.129,209.28,23.875,209.07,130.851,209.3,39.766,209.06,37.836,209.31,56.437,209.05,17.446,209.32,11.403,209.04,50.89,209.33,41.885,209.03,30.471,209.34,47.75,209.02,71.409,209.36,130.824,209.01,5.256,209.37,11.403,209.0,31.479,209.38,23.875,208.99,58.513,209.39,56.76,208.98,69.713,209.4,2.157
1756903746.6824284,10225534964,1756903746537,209.16,0.016,209.17,10.249,209.14,9.0,209.19,11.453,209.13,5.013,209.2,15.52,209.12,26.697,209.21,30.943,209.11,14.981,209.22,23.875,209.1,22.454,209.23,9.0,209.09,103.062,209.24,57.195,209.08,45.129,209.25,28.319,209.07,133.002,209.26,57.136,209.06,37.836,209.27,47.76,209.05,17.446,209.28,23.875,209.04,50.89,209.3,39.766,209.03,30.471,209.31,56.437,209.02,71.409,209.32,11.403,209.01,3.066,209.33,106.971,209.0,22.985,209.34,47.75,208.99,58.513,209.36,130.824,208.98,69.713,209.37,11.403,208.97,135.068,209.38,23.875,208.96,19.793,209.39,56.76
1756903746.8029277,10225534985,1756903746664,209.16,4.433,209.17,10.249,209.14,9.0,209.19,11.453,209.13,5.013,209.2,15.52,209.12,26.697,209.21,30.943,209.11,14.981,209.22,23.875,209.1,34.052,209.23,9.0,209.09,103.062,209.24,57.195,209.08,47.28,209.25,81.871,209.07,130.851,209.26,171.813,209.06,37.836,209.27,47.76,209.05,17.446,209.28,23.875,209.04,50.89,209.29,7.167,209.03,30.471,209.3,39.766,209.02,87.944,209.31,56.437,209.01,57.984,209.32,11.403,209.0,22.985,209.33,106.971,208.99,58.513,209.34,47.75,208.98,69.713,209.36,9.0,208.97,135.068,209.37,11.403,208.96,7.404,209.38,23.875
1756903746.923187,10225535000,1756903746783,209.16,0.016,209.17,16.249,209.15,6.0,209.19,7.453,209.14,9.0,209.2,15.52,209.13,5.013,209.21,30.943,209.12,26.697,209.22,23.875,209.11,14.981,209.23,9.0,209.1,34.052,209.24,57.195,209.09,103.062,209.25,81.871,209.08,47.28,209.26,171.813,209.07,130.851,209.27,47.76,209.06,37.836,209.28,23.875,209.05,17.446,209.29,7.167,209.04,50.89,209.3,39.766,209.03,30.471,209.31,56.437,209.02,87.944,209.32,11.403,209.01,57.984,209.33,106.971,209.0,22.985,209.34,47.75,208.99,58.513,209.36,9.0,208.98,69.713,209.37,11.403,208.97,135.068,209.38,23.875
1756903747.0442889,10225535007,1756903746912,209.16,4.433,209.17,11.895,209.15,6.0,209.19,7.453,209.14,9.0,209.2,15.52,209.13,5.013,209.21,30.943,209.12,26.697,209.22,23.875,209.11,14.981,209.23,9.0,209.1,34.052,209.24,57.195,209.09,103.062,209.25,81.871,209.08,47.28,209.26,171.813,209.07,130.851,209.27,47.76,209.06,37.836,209.28,23.875,209.05,17.446,209.29,7.167,209.04,50.89,209.3,39.766,209.03,30.471,209.31,56.437,209.02,87.944,209.32,11.403,209.01,57.984,209.33,106.971,209.0,22.985,209.34,47.75,208.99,58.513,209.36,9.0,208.98,69.713,209.37,11.403,208.97,135.068,209.38,23.875
1756903747.154997,10225535021,1756903747019,209.16,6.433,209.17,11.895,209.15,6.478,209.19,6.856,209.14,9.0,209.2,15.52,209.13,5.013,209.21,30.943,209.12,26.697,209.22,23.875,209.11,14.981,209.23,9.0,209.1,36.203,209.24,57.195,209.09,103.062,209.25,81.871,209.08,45.129,209.26,171.813,209.07,130.851,209.27,47.76,209.06,37.836,209.28,30.438,209.05,17.446,209.29,7.167,209.04,50.89,209.3,39.766,209.03,30.471,209.31,56.437,209.02,87.944,209.32,11.403,209.01,57.984,209.33,106.971,209.0,22.985,209.34,47.75,208.99,58.513,209.36,9.0,208.98,69.713,209.37,11.403,208.97,135.068,209.38,23.875
1756903747.2941127,10225535028,1756903747156,209.16,6.433,209.17,11.895,209.15,6.478,209.19,6.856,209.14,9.0,209.2,15.52,209.13,5.013,209.21,30.943,209.12,26.697,209.22,23.875,209.11,14.981,209.23,9.0,209.1,34.052,209.24,57.195,209.09,105.213,209.25,81.871,209.08,45.129,209.26,171.813,209.07,130.851,209.27,47.76,209.06,37.836,209.28,30.438,209.05,17.446,209.29,7.167,209.04,50.89,209.3,39.766,209.03,30.471,209.31,56.437,209.02,87.944,209.32,11.403,209.01,57.984,209.33,106.971,209.0,22.985,209.34,47.75,208.99,58.513,209.36,9.0,208.98,69.713,209.37,11.403,208.97,135.068,209.38,23.875
1756903747.4944654,10225535032,1756903747352,209.16,6.433,209.17,11.895,209.15,6.478,209.19,6.856,209.14,9.0,209.2,15.52,209.13,5.013,209.21,30.943,209.12,26.697,209.22,23.875,209.11,14.981,209.23,9.0,209.1,34.052,209.24,57.195,209.09,105.213,209.25,81.871,209.08,45.129,209.26,171.813,209.07,130.851,209.27,47.76,209.06,37.836,209.28,30.438,209.05,17.446,209.29,7.167,209.04,50.89,209.3,39.766,209.03,30.471,209.31,56.437,209.02,87.944,209.32,11.403,209.01,57.984,209.33,106.971,209.0,22.985,209.34,47.75,208.99,58.513,209.36,9.0,208.98,69.713,209.37,11.403,208.97,135.068,209.38,23.875
1756903747.5977778,10225535050,1756903747459,209.16,2.016,209.17,11.895,209.15,6.478,209.19,14.376,209.14,9.0,209.2,9.597,209.13,5.013,209.21,30.943,209.12,26.697,209.22,23.875,209.11,14.981,209.23,9.0,209.1,34.052,209.24,57.195,209.09,103.062,209.25,81.871,209.08,45.129,209.26,171.813,209.07,130.851,209.27,47.76,209.06,37.836,209.28,23.875,209.05,17.446,209.29,7.167,209.04,50.89,209.3,39.766,209.03,30.471,209.31,56.437,209.02,87.944,209.32,11.403,209.01,57.984,209.33,106.971,209.0,22.985,209.34,47.75,208.99,58.513,209.36,9.0,208.98,69.713,209.37,11.403,208.97,135.068,209.38,23.875
1756903747.7381155,10225535057,1756903747597,209.16,6.433,209.17,11.895,209.15,6.478,209.19,14.376,209.14,9.0,209.2,9.597,209.13,5.013,209.21,30.943,209.12,26.697,209.22,23.875,209.11,14.981,209.23,9.0,209.1,34.052,209.24,57.195,209.09,98.578,209.25,81.871,209.08,45.129,209.26,171.813,209.07,133.002,209.27,47.76,209.06,37.836,209.28,23.875,209.05,17.446,209.29,7.167,209.04,50.89,209.3,39.766,209.03,30.471,209.31,56.437,209.02,87.944,209.32,11.403,209.01,57.984,209.33,106.971,209.0,22.985,209.34,47.75,208.99,58.513,209.36,9.0,208.98,69.713,209.37,11.403,208.97,135.068,209.38,23.875
1756903747.8380823,10225535064,1756903747697,209.16,2.016,209.17,11.895,209.15,0.478,209.19,14.376,209.14,9.0,209.2,9.597,209.13,5.013,209.21,30.943,209.12,26.697,209.22,23.875,209.11,16.828,209.23,9.0,209.1,40.958,209.24,57.195,209.09,100.729,209.25,81.871,209.08,45.129,209.26,171.813,209.07,130.851,209.27,54.324,209.06,37.836,209.28,23.875,209.05,17.446,209.29,7.167,209.04,50.89,209.3,39.766,209.03,30.471,209.31,56.437,209.02,87.944,209.32,11.403,209.01,57.984,209.33,106.971,209.0,22.985,209.34,47.75,208.99,58.513,209.36,9.0,208.98,69.713,209.37,11.403,208.97,135.068,209.38,23.875
1756903747.9429164,10225535105,1756903747802,209.16,2.016,209.17,15.88,209.12,26.697,209.19,14.376,209.11,14.981,209.2,9.597,209.1,34.052,209.21,30.943,209.09,100.958,209.22,23.875,209.08,52.036,209.23,9.0,209.07,130.851,209.24,57.195,209.06,37.494,209.25,88.435,209.05,17.446,209.26,171.813,209.04,50.89,209.27,47.76,209.03,32.964,209.28,33.367,209.02,71.409,209.29,7.167,209.01,3.066,209.3,39.766,209.0,22.985,209.31,40.517,208.99,58.513,209.32,11.403,208.98,69.713,209.33,106.971,208.97,132.847,209.34,47.75,208.96,0.226,209.36,9.0,208.95,2.716,209.37,11.403,208.94,15.932,209.38,31.06
1756903748.0564847,10225535176,1756903747914,209.16,0.016,209.17,11.895,209.11,9.0,209.18,7.807,209.1,16.454,209.19,31.395,209.09,50.45,209.2,9.0,209.08,50.951,209.21,47.76,209.07,184.402,209.22,23.875,209.06,14.999,209.23,9.0,209.05,22.078,209.24,56.906,209.04,50.7,209.25,81.871,209.03,11.724,209.26,183.216,209.02,1.222,209.27,47.76,209.01,3.066,209.28,33.367,209.0,23.175,209.29,7.167,208.99,58.513,209.3,32.875,208.98,35.317,209.31,40.517,208.97,9.029,209.32,11.403,208.96,0.226,209.33,106.971,208.95,68.03,209.34,47.75,208.94,73.191,209.36,9.0,208.93,24.508,209.37,11.403
1756903748.1545115,10225535214,1756903748014,209.16,0.016,209.17,19.415,209.13,3.377,209.18,7.807,209.12,2.16,209.19,23.875,209.11,9.0,209.2,9.0,209.1,16.454,209.21,50.358,209.09,51.929,209.22,23.875,209.08,13.179,209.23,9.0,209.07,186.554,209.24,50.341,209.06,11.458,209.25,81.871,209.05,17.446,209.26,135.08,209.04,50.7,209.27,47.76,209.03,11.724,209.28,33.367,209.02,1.222,209.29,7.167,209.01,3.066,209.3,32.875,209.0,23.175,209.31,40.517,208.99,58.513,209.32,11.403,208.98,35.317,209.33,106.971,208.97,9.029,209.34,47.75,208.96,0.226,209.36,9.0,208.95,68.03,209.37,11.403
1756903748.2663689,10225535232,1756903748126,209.16,0.016,209.17,19.415,209.12,2.16,209.18,7.807,209.11,9.0,209.19,23.875,209.1,16.454,209.2,57.075,209.09,51.929,209.21,50.358,209.08,9.0,209.22,23.875,209.07,184.403,209.23,9.0,209.06,13.609,209.24,50.341,209.05,17.446,209.25,88.435,209.04,50.7,209.26,135.08,209.03,11.724,209.27,47.76,209.02,1.222,209.28,33.367,209.01,3.066,209.29,7.167,209.0,23.175,209.3,32.875,208.99,58.513,209.31,40.517,208.98,90.98,209.32,11.403,208.97,9.029,209.33,106.971,208.96,0.226,209.34,47.75,208.95,68.03,209.36,9.0,208.94,73.191,209.37,11.403
1756903748.3775897,10225535243,1756903748235,209.16,0.016,209.17,19.415,209.11,9.0,209.18,7.807,209.1,16.454,209.19,23.875,209.09,51.929,209.2,57.075,209.08,9.0,209.21,50.358,209.07,184.403,209.22,23.875,209.06,11.458,209.23,9.0,209.05,17.446,209.24,50.341,209.04,52.851,209.25,88.435,209.03,11.724,209.26,135.08,209.02,1.222,209.27,47.76,209.01,3.066,209.28,33.367,209.0,23.175,209.29,7.167,208.99,58.513,209.3,32.875,208.98,90.98,209.31,40.517,208.97,9.029,209.32,11.403,208.96,0.226,209.33,106.971,208.95,68.03,209.34,47.75,208.94,73.191,209.36,9.0,208.93,24.508,209.37,11.403
1756903748.4968953,10225535252,1756903748352,209.16,0.016,209.17,19.415,209.12,2.638,209.18,7.807,209.11,9.0,209.19,23.875,209.1,16.454,209.2,57.075,209.09,51.929,209.21,50.358,209.08,9.0,209.22,23.875,209.07,184.403,209.23,9.0,209.06,13.609,209.24,50.341,209.05,17.446,209.25,88.435,209.04,50.7,209.26,135.08,209.03,11.724,209.27,47.76,209.02,1.222,209.28,33.367,209.01,3.066,209.29,7.167,209.0,23.175,209.3,32.875,208.99,58.513,209.31,40.517,208.98,90.98,209.32,11.403,208.97,9.029,209.33,106.971,208.96,0.226,209.34,47.75,208.95,68.03,209.36,9.0,208.94,73.191,209.37,11.403
1756903748.6041827,10225535263,1756903748461,209.16,0.016,209.17,19.415,209.12,2.638,209.18,7.807,209.11,9.0,209.19,23.875,209.1,16.454,209.2,57.075,209.09,51.929,209.21,50.358,209.08,9.0,209.22,23.875,209.07,184.403,209.23,9.0,209.06,13.609,209.24,50.341,209.05,17.446,209.25,88.435,209.04,50.7,209.26,135.08,209.03,11.724,209.27,47.76,209.02,1.222,209.28,33.367,209.01,3.066,209.29,7.167,209.0,23.175,209.3,32.875,208.99,58.513,209.31,40.517,208.98,90.98,209.32,11.403,208.97,9.029,209.33,106.971,208.96,0.226,209.34,47.75,208.95,68.03,209.36,9.0,208.94,73.191,209.37,11.403
1756903748.7341425,10225535266,1756903748593,209.16,0.016,209.17,19.415,209.12,2.638,209.18,31.682,209.11,9.0,209.19,23.875,209.1,16.454,209.2,57.075,209.09,51.929,209.21,50.358,209.08,9.0,209.22,23.875,209.07,184.403,209.23,9.0,209.06,13.609,209.24,50.341,209.05,17.446,209.25,88.435,209.04,50.7,209.26,135.08,209.03,11.724,209.27,47.76,209.02,1.222,209.28,33.367,209.01,3.066,209.29,7.167,209.0,23.175,209.3,32.875,208.99,58.513,209.31,40.517,208.98,90.98,209.32,11.403,208.97,9.029,209.33,106.971,208.96,0.226,209.34,47.75,208.95,68.03,209.36,9.0,208.94,73.191,209.37,11.403
1756903748.853404,10225535271,1756903748714,209.16,4.433,209.17,19.415,209.13,6.0,209.18,31.682,209.12,2.638,209.19,23.875,209.11,9.0,209.2,57.075,209.1,16.454,209.21,50.358,209.09,51.929,209.22,23.875,209.08,9.0,209.23,9.0,209.07,184.403,209.24,50.341,209.06,13.609,209.25,88.435,209.05,17.446,209.26,135.08,209.04,50.7,209.27,47.76,209.03,11.724,209.28,33.367,209.01,3.066,209.29,7.167,209.0,23.175,209.3,32.875,208.99,58.513,209.31,40.517,208.98,90.98,209.32,11.403,208.97,9.029,209.33,106.971,208.96,0.226,209.34,47.75,208.95,68.03,209.36,10.222,208.94,73.191,209.37,11.403
1756903748.9546082,10225535294,1756903748815,209.16,0.016,209.17,19.415,209.11,9.0,209.18,31.682,209.1,16.454,209.19,23.875,209.09,47.75,209.2,57.075,209.08,9.0,209.21,50.358,209.07,133.598,209.22,23.875,209.06,13.609,209.23,9.0,209.05,23.996,209.24,56.696,209.04,55.254,209.25,91.634,209.03,11.724,209.26,135.08,209.01,3.066,209.27,47.76,209.0,23.175,209.28,23.875,208.99,58.513,209.29,7.167,208.98,90.98,209.3,32.875,208.97,9.029,209.31,40.517,208.96,0.226,209.32,11.403,208.95,68.03,209.33,106.971,208.94,73.191,209.34,47.75,208.93,24.508,209.36,10.222,208.92,3.965,209.37,11.403
1756903749.1097672,10225535305,1756903748967,209.16,0.016,209.17,19.415,209.11,9.0,209.18,31.682,209.1,16.454,209.19,23.875,209.09,47.75,209.2,57.075,209.08,52.36,209.21,50.358,209.07,129.42,209.22,23.875,209.06,18.007,209.23,9.0,209.05,56.323,209.24,56.696,209.04,57.405,209.25,91.634,209.03,9.231,209.26,135.08,209.01,3.066,209.27,47.76,209.0,23.175,209.28,23.875,208.99,58.513,209.29,7.167,208.98,90.98,209.3,32.875,208.97,9.029,209.31,40.517,208.96,0.226,209.32,11.403,208.95,68.03,209.33,106.971,208.94,73.191,209.34,47.75,208.93,24.508,209.36,10.222,208.92,3.965,209.37,11.403
1756903749.2428544,10225535327,1756903749097,209.16,0.016,209.17,19.415,209.11,9.0,209.18,31.682,209.1,16.454,209.19,23.875,209.09,51.703,209.2,57.075,209.08,52.36,209.21,50.358,209.07,138.006,209.22,23.875,209.06,11.458,209.23,9.0,209.05,58.474,209.24,56.696,209.04,55.254,209.25,91.634,209.03,9.231,209.26,135.08,209.01,3.066,209.27,47.76,209.0,23.175,209.28,23.875,208.99,58.513,209.29,7.167,208.98,90.98,209.3,32.875,208.97,9.029,209.31,40.517,208.96,0.226,209.32,11.403,208.95,68.03,209.33,97.971,208.94,73.191,209.34,47.75,208.93,24.508,209.36,10.222,208.92,3.965,209.37,11.403
1756903749.339026,10225535339,1756903749199,209.16,0.016,209.17,19.415,209.12,4.354,209.18,31.682,209.11,9.0,209.19,23.875,209.1,16.454,209.2,57.075,209.09,51.703,209.21,50.358,209.08,52.36,209.22,23.875,209.07,135.969,209.23,9.0,209.06,11.458,209.24,56.696,209.05,19.597,209.25,91.634,209.04,50.7,209.26,144.08,209.03,9.231,209.27,47.76,209.01,3.066,209.28,23.875,209.0,23.175,209.29,7.167,208.99,58.513,209.3,32.875,208.98,90.98,209.31,40.517,208.97,9.029,209.32,11.403,208.96,0.226,209.33,97.971,208.95,68.03,209.34,47.75,208.94,73.191,209.36,10.222,208.93,24.508,209.37,11.403
1756903749.4499183,10225535356,1756903749310,209.16,0.016,209.17,19.415,209.11,9.0,209.18,31.682,209.1,16.932,209.19,23.875,209.09,55.881,209.2,57.075,209.08,54.731,209.21,50.358,209.07,129.42,209.22,23.875,209.06,11.458,209.23,9.0,209.05,67.629,209.24,56.696,209.04,50.7,209.25,91.634,209.03,9.231,209.26,144.08,209.01,3.066,209.27,47.76,209.0,23.175,209.28,23.875,208.99,58.513,209.29,7.167,208.98,90.98,209.3,32.875,208.97,9.029,209.31,40.517,208.96,0.226,209.32,11.403,208.95,68.03,209.33,97.971,208.94,73.191,209.34,47.75,208.93,24.508,209.36,10.222,208.92,3.965,209.37,11.403
1756903749.5584896,10225535366,1756903749419,209.16,0.016,209.17,19.415,209.11,9.0,209.18,31.682,209.1,16.932,209.19,23.875,209.09,55.881,209.2,57.075,209.08,54.731,209.21,50.358,209.07,129.42,209.22,23.875,209.06,11.458,209.23,9.0,209.05,65.478,209.24,56.696,209.04,50.7,209.25,91.634,209.03,9.231,209.26,144.08,209.01,3.066,209.27,47.76,209.0,23.175,209.28,23.875,208.99,58.513,209.29,7.167,208.98,90.98,209.3,32.875,208.97,9.029,209.31,40.517,208.96,0.226,209.32,11.403,208.95,68.03,209.33,97.971,208.94,73.191,209.34,47.75,208.93,24.508,209.36,10.222,208.92,3.965,209.37,11.403
1756903749.683794,10225535370,1756903749544,209.16,0.016,209.17,19.415,209.11,9.0,209.18,31.682,209.1,16.932,209.19,23.875,209.09,55.881,209.2,57.075,209.08,54.731,209.21,50.358,209.07,129.42,209.22,23.875,209.06,11.458,209.23,9.0,209.05,67.629,209.24,56.696,209.04,50.7,209.25,91.634,209.03,9.231,209.26,144.08,209.01,3.066,209.27,47.76,209.0,23.175,209.28,23.875,208.99,58.513,209.29,7.167,208.98,90.98,209.3,32.875,208.97,9.029,209.31,40.517,208.96,0.226,209.32,11.403,208.95,68.03,209.33,97.971,208.94,73.191,209.34,47.75,208.93,24.508,209.36,10.222,208.92,3.965,209.37,11.403
1756903749.8462794,10225535373,1756903749712,209.16,0.016,209.17,19.415,209.12,6.0,209.18,31.682,209.11,9.0,209.19,23.875,209.1,16.932,209.2,57.075,209.09,55.881,209.21,50.358,209.08,54.731,209.22,23.875,209.07,129.42,209.23,9.0,209.06,13.609,209.24,56.696,209.05,65.478,209.25,91.634,209.04,50.7,209.26,144.08,209.03,9.231,209.27,47.76,209.01,3.066,209.28,23.875,209.0,23.175,209.29,7.167,208.99,58.513,209.3,32.875,208.98,90.98,209.31,40.517,208.97,9.029,209.32,11.403,208.96,0.226,209.33,97.971,208.95,68.03,209.34,47.75,208.94,73.191,209.36,10.222,208.93,24.508,209.37,11.403
1756903750.0180335,10225535375,1756903749879,209.16,0.016,209.17,19.415,209.12,6.0,209.18,31.682,209.11,9.0,209.19,23.875,209.1,16.932,209.2,57.075,209.09,55.881,209.21,50.358,209.08,54.731,209.22,23.875,209.07,129.42,209.23,9.0,209.06,13.609,209.24,56.696,209.05,65.478,209.25,91.634,209.04,50.7,209.26,144.08,209.03,9.231,209.27,47.76,209.01,3.066,209.28,23.875,209.0,23.175,209.29,7.167,208.99,58.513,209.3,32.875,208.98,90.98,209.31,40.517,208.97,9.029,209.32,11.403,208.96,0.226,209.33,97.971,208.95,68.03,209.34,47.75,208.94,73.191,209.36,10.222,208.93,24.508,209.37,11.403
1756903750.1535337,10225535383,1756903750013,209.16,0.016,209.17,19.415,209.12,6.0,209.18,31.682,209.11,9.0,209.19,23.875,209.1,16.932,209.2,57.075,209.09,55.881,209.21,50.358,209.08,54.731,209.22,23.875,209.07,129.42,209.23,9.0,209.06,11.458,209.24,56.696,209.05,67.632,209.25,91.634,209.04,50.7,209.26,144.08,209.03,9.231,209.27,47.76,209.01,3.066,209.28,23.875,209.0,23.524,209.29,7.167,208.99,58.513,209.3,32.875,208.98,90.98,209.31,40.517,208.97,9.029,209.32,11.403,208.96,0.226,209.33,97.971,208.95,68.03,209.34,47.75,208.94,73.191,209.36,10.222,208.93,24.508,209.37,11.403
1756903750.2608473,10225535392,1756903750120,209.16,0.31,209.17,19.415,209.12,6.0,209.18,31.682,209.11,9.0,209.19,23.875,209.1,16.932,209.2,57.075,209.09,55.881,209.21,50.358,209.08,54.731,209.22,23.875,209.07,129.42,209.23,9.0,209.06,11.458,209.24,56.696,209.05,19.597,209.25,91.634,209.04,50.7,209.26,144.08,209.03,9.231,209.27,47.76,209.01,3.066,209.28,23.875,209.0,23.524,209.29,7.167,208.99,72.893,209.3,32.875,208.98,90.98,209.31,40.517,208.97,9.029,209.32,11.403,208.96,0.226,209.33,97.971,208.95,68.03,209.34,47.75,208.94,73.191,209.36,10.222,208.93,24.508,209.37,11.403
1756903750.3762608,10225535398,1756903750236,209.16,0.31,209.17,19.415,209.12,6.0,209.18,31.682,209.11,9.0,209.19,23.875,209.1,16.932,209.2,57.075,209.09,55.881,209.21,50.358,209.08,54.731,209.22,23.875,209.07,129.42,209.23,9.831,209.06,13.609,209.24,56.696,209.05,65.444,209.25,91.634,209.04,50.7,209.26,148.826,209.03,9.231,209.27,47.76,209.01,3.066,209.28,23.875,209.0,23.524,209.29,7.167,208.99,72.893,209.3,32.875,208.98,90.98,209.31,40.517,208.97,9.029,209.32,11.403,208.96,0.226,209.33,97.971,208.95,68.03,209.34,47.75,208.94,73.191,209.36,10.222,208.93,24.508,209.37,11.403
1756903750.4977744,10225535401,1756903750352,209.16,0.31,209.17,19.415,209.12,6.0,209.18,31.682,209.11,9.0,209.19,23.875,209.1,16.932,209.2,57.075,209.09,55.881,209.21,50.358,209.08,54.731,209.22,23.875,209.07,129.42,209.23,9.831,209.06,11.458,209.24,56.696,209.05,67.595,209.25,91.634,209.04,50.7,209.26,148.826,209.03,9.231,209.27,47.76,209.01,3.066,209.28,23.875,209.0,23.524,209.29,7.167,208.99,72.893,209.3,32.875,208.98,90.98,209.31,40.517,208.97,9.029,209.32,11.403,208.96,0.226,209.33,97.971,208.95,68.03,209.34,47.75,208.94,73.191,209.36,10.222,208.93,24.508,209.37,11.403
1756903750.6413975,10225535407,1756903750500,209.16,0.31,209.17,19.415,209.12,6.0,209.18,31.682,209.11,9.0,209.19,23.875,209.1,16.932,209.2,57.075,209.09,55.881,209.21,50.358,209.08,54.731,209.22,23.875,209.07,129.42,209.23,9.831,209.06,13.609,209.24,56.696,209.05,65.444,209.25,91.634,209.04,50.7,209.26,148.826,209.03,9.231,209.27,47.76,209.01,3.066,209.28,23.875,209.0,23.524,209.29,7.167,208.99,72.893,209.3,32.875,208.98,90.98,209.31,40.517,208.97,9.029,209.32,11.403,208.96,0.226,209.33,97.971,208.95,68.03,209.34,47.75,208.94,73.191,209.36,10.222,208.93,24.508,209.37,11.403
1756903750.7809327,10225535409,1756903750640,209.16,0.31,209.17,19.415,209.12,6.0,209.18,31.682,209.11,9.0,209.19,23.875,209.1,16.932,209.2,57.075,209.09,55.881,209.21,50.358,209.08,54.731,209.22,23.875,209.07,129.42,209.23,9.831,209.06,13.609,209.24,56.696,209.05,65.444,209.25,91.634,209.04,50.7,209.26,148.826,209.03,9.231,209.27,47.76,209.01,3.066,209.28,23.875,209.0,23.524,209.29,7.167,208.99,72.893,209.3,32.875,208.98,90.98,209.31,40.517,208.97,9.029,209.32,11.403,208.96,0.226,209.33,97.971,208.95,68.03,209.34,47.75,208.94,73.191,209.36,10.222,208.93,24.508,209.37,11.403
1756903750.9221103,10225535413,1756903750782,209.16,0.31,209.17,19.415,209.12,6.0,209.18,31.682,209.11,15.0,209.19,23.875,209.1,22.932,209.2,57.075,209.09,55.881,209.21,50.358,209.08,54.731,209.22,23.875,209.07,129.42,209.23,9.831,209.06,13.609,209.24,56.696,209.05,17.446,209.25,91.634,209.04,50.7,209.26,148.826,209.03,9.231,209.27,47.76,209.01,3.066,209.28,23.875,209.0,23.524,209.29,7.167,208.99,72.893,209.3,32.875,208.98,90.98,209.31,40.517,208.97,9.029,209.32,11.403,208.96,0.226,209.33,97.971,208.95,68.03,209.34,47.75,208.94,73.191,209.36,10.222,208.93,24.508,209.37,11.403
1756903751.0215034,10225535415,1756903750882,209.16,0.31,209.17,19.415,209.12,6.0,209.18,31.682,209.11,16.943,209.19,23.875,209.1,22.932,209.2,57.075,209.09,55.881,209.21,50.358,209.08,54.731,209.22,23.875,209.07,129.42,209.23,9.831,209.06,13.609,209.24,56.696,209.05,65.411,209.25,91.634,209.04,50.7,209.26,148.826,209.03,9.231,209.27,47.76,209.01,3.066,209.28,23.875,209.0,23.524,209.29,7.167,208.99,72.893,209.3,32.875,208.98,90.98,209.31,40.517,208.97,9.029,209.32,11.403,208.96,0.226,209.33,97.971,208.95,68.03,209.34,47.75,208.94,73.191,209.36,10.222,208.93,24.508,209.37,11.403
1756903751.141522,10225535417,1756903750999,209.16,0.31,209.17,19.415,209.12,6.0,209.18,31.682,209.11,16.943,209.19,23.875,209.1,22.932,209.2,57.075,209.09,55.881,209.21,50.358,209.08,54.731,209.22,23.875,209.07,129.42,209.23,9.831,209.06,27.999,209.24,56.696,209.05,65.411,209.25,91.634,209.04,50.7,209.26,148.826,209.03,9.231,209.27,47.76,209.01,3.066,209.28,23.875,209.0,23.524,209.29,7.167,208.99,72.893,209.3,32.875,208.98,90.98,209.31,40.517,208.97,9.029,209.32,11.403,208.96,0.226,209.33,97.971,208.95,68.03,209.34,47.75,208.94,73.191,209.36,10.222,208.93,24.508,209.37,11.403
1756903751.2456012,10225535426,1756903751103,209.16,0.31,209.17,19.415,209.12,6.0,209.18,31.682,209.11,16.943,209.19,23.875,209.1,22.932,209.2,57.075,209.09,55.881,209.21,50.358,209.08,54.731,209.22,23.875,209.07,123.42,209.23,9.831,209.06,27.999,209.24,56.696,209.05,65.411,209.25,91.634,209.04,50.7,209.26,148.826,209.03,9.231,209.27,47.76,209.01,3.066,209.28,23.875,209.0,23.524,209.29,7.167,208.99,72.893,209.3,32.875,208.98,90.98,209.31,40.517,208.97,9.029,209.32,11.403,208.96,0.226,209.33,97.971,208.95,68.03,209.34,47.75,208.94,73.191,209.36,10.222,208.93,24.508,209.37,11.403
1756903751.3727505,10225535430,1756903751231,209.16,0.31,209.17,19.415,209.12,6.0,209.18,31.682,209.11,16.943,209.19,23.875,209.1,22.932,209.2,57.075,209.09,61.881,209.21,50.358,209.08,54.731,209.22,23.875,209.07,123.42,209.23,9.831,209.06,27.999,209.24,56.696,209.05,17.446,209.25,91.634,209.04,50.7,209.26,148.826,209.03,9.231,209.27,47.76,209.02,4.736,209.28,23.875,209.01,3.066,209.29,7.167,209.0,23.524,209.3,32.875,208.99,72.893,209.31,40.517,208.98,90.98,209.32,11.403,208.97,9.029,209.33,97.971,208.96,0.226,209.34,47.75,208.95,68.03,209.36,10.222,208.94,73.191,209.37,11.403
1756903751.4710248,10225535432,1756903751332,209.16,0.31,209.17,19.415,209.12,6.0,209.18,31.682,209.11,16.943,209.19,23.875,209.1,22.932,209.2,57.075,209.09,61.881,209.21,50.358,209.08,54.731,209.22,23.875,209.07,123.42,209.23,9.831,209.06,13.609,209.24,56.696,209.05,65.399,209.25,91.634,209.04,50.7,209.26,148.826,209.03,9.231,209.27,47.76,209.02,4.736,209.28,23.875,209.01,3.066,209.29,7.167,209.0,23.524,209.3,32.875,208.99,72.893,209.31,40.517,208.98,90.98,209.32,11.403,208.97,9.029,209.33,97.971,208.96,0.226,209.34,47.75,208.95,68.03,209.36,10.222,208.94,73.191,209.37,11.403
1756903751.5934477,10225535439,1756903751452,209.16,0.31,209.17,19.415,209.12,6.0,209.18,31.682,209.11,15.0,209.19,23.875,209.1,12.545,209.2,57.075,209.09,61.881,209.21,50.358,209.08,54.731,209.22,23.875,209.07,123.42,209.23,9.831,209.06,13.609,209.24,56.696,209.05,65.399,209.25,91.634,209.04,50.7,209.26,148.826,209.03,9.231,209.27,47.76,209.02,4.736,209.28,23.875,209.01,3.066,209.29,7.167,209.0,23.524,209.3,32.875,208.99,72.893,209.31,40.517,208.98,90.98,209.32,11.403,208.97,9.029,209.33,97.971,208.96,0.226,209.34,47.75,208.95,68.03,209.36,10.222,208.94,73.191,209.37,11.403
1756903751.703726,10225535537,1756903751563,209.1,15.895,209.11,0.478,209.09,56.45,209.16,0.891,209.08,48.182,209.17,16.52,209.07,125.534,209.18,31.085,209.06,32.65,209.19,23.875,209.05,67.55,209.2,57.075,209.04,54.877,209.21,47.76,209.03,13.705,209.22,23.875,209.01,3.066,209.23,17.58,209.0,23.524,209.24,50.341,208.99,58.513,209.25,91.634,208.98,35.317,209.26,213.912,208.97,9.029,209.27,47.76,208.96,0.226,209.28,23.875,208.95,68.03,209.29,7.167,208.94,73.191,209.3,32.875,208.93,24.508,209.31,40.517,208.92,3.965,209.32,11.403,208.91,11.779,209.33,32.885,208.9,9.047,209.34,47.75
1756903751.8285437,10225535548,1756903751689,209.1,21.895,209.11,4.895,209.09,56.45,209.16,8.566,209.08,48.182,209.17,9.0,209.07,125.534,209.18,31.085,209.06,32.65,209.19,23.875,209.05,67.55,209.2,57.075,209.04,56.786,209.21,47.76,209.03,16.748,209.22,23.875,209.01,3.066,209.23,17.58,209.0,23.524,209.24,50.341,208.99,58.513,209.25,91.634,208.98,35.317,209.26,213.912,208.97,9.029,209.27,47.76,208.96,19.82,209.28,23.875,208.95,68.03,209.29,7.167,208.94,73.191,209.3,32.875,208.93,24.508,209.31,40.517,208.92,3.965,209.32,11.403,208.91,11.779,209.33,32.885,208.9,9.047,209.34,47.75
