timestamp,sequence,exchange_timestamp,bid_price_0,bid_size_0,ask_price_0,ask_size_0,bid_price_1,bid_size_1,ask_price_1,ask_size_1,bid_price_2,bid_size_2,ask_price_2,ask_size_2,bid_price_3,bid_size_3,ask_price_3,ask_size_3,bid_price_4,bid_size_4,ask_price_4,ask_size_4,bid_price_5,bid_size_5,ask_price_5,ask_size_5,bid_price_6,bid_size_6,ask_price_6,ask_size_6,bid_price_7,bid_size_7,ask_price_7,ask_size_7,bid_price_8,bid_size_8,ask_price_8,ask_size_8,bid_price_9,bid_size_9,ask_price_9,ask_size_9,bid_price_10,bid_size_10,ask_price_10,ask_size_10,bid_price_11,bid_size_11,ask_price_11,ask_size_11,bid_price_12,bid_size_12,ask_price_12,ask_size_12,bid_price_13,bid_size_13,ask_price_13,ask_size_13,bid_price_14,bid_size_14,ask_price_14,ask_size_14,bid_price_15,bid_size_15,ask_price_15,ask_size_15,bid_price_16,bid_size_16,ask_price_16,ask_size_16,bid_price_17,bid_size_17,ask_price_17,ask_size_17,bid_price_18,bid_size_18,ask_price_18,ask_size_18,bid_price_19,bid_size_19,ask_price_19,ask_size_19
1756903691.37541,19234802967,1756903691225,4354.69,2.943,4354.7,4.1673,4354.67,1.7372,4354.71,0.4321,4354.65,0.002,4354.82,0.1399,4354.61,0.004,4354.85,0.6452,4354.59,0.0601,4355.26,0.302,4354.56,0.055,4355.34,0.002,4354.53,0.008,4355.35,0.9644,4354.37,0.016,4355.36,2.4039,4354.34,0.1489,4355.38,0.004,4354.33,0.2689,4355.39,0.019,4354.28,0.1692,4355.4,0.1468,4354.25,0.1,4355.41,0.023,4354.15,0.023,4355.46,0.008,4354.14,0.6986,4355.51,0.247,4354.13,2.2967,4355.54,0.2291,4354.05,0.032,4355.55,0.2991,4354.02,0.8449,4355.56,1.1642,4353.98,0.3451,4355.57,2.2959,4353.97,0.0021,4355.62,0.016,4353.92,3.7423,4355.64,0.6813
1756903691.4749992,19234802984,1756903691325,4354.69,3.6722,4354.7,4.1673,4354.65,0.002,4354.71,0.4321,4354.61,0.004,4354.82,0.1399,4354.59,0.0601,4354.84,0.1936,4354.56,0.055,4354.85,0.6452,4354.54,5.345,4355.26,0.302,4354.53,0.008,4355.34,0.002,4354.37,0.016,4355.35,0.9644,4354.34,0.3784,4355.36,2.4039,4354.33,0.2689,4355.38,0.004,4354.29,0.7853,4355.39,0.019,4354.28,0.1692,4355.4,0.1468,4354.25,0.1,4355.41,0.023,4354.17,2.5116,4355.46,0.008,4354.16,5.0479,4355.51,0.247,4354.15,0.9955,4355.54,0.2291,4354.13,2.2967,4355.55,0.2991,4354.05,0.032,4355.56,1.1642,4354.02,1.4312,4355.57,2.2959,4353.98,0.3451,4355.62,0.016
1756903691.598948,19234802997,1756903691448,4354.69,3.5923,4354.7,4.1673,4354.65,0.002,4354.71,0.4321,4354.61,0.004,4354.82,0.1399,4354.59,0.0601,4354.84,0.1936,4354.56,0.055,4354.85,0.6452,4354.55,1.6059,4355.26,0.302,4354.54,5.345,4355.34,0.002,4354.53,0.008,4355.35,0.9644,4354.37,0.016,4355.36,2.4039,4354.34,0.1489,4355.38,0.004,4354.33,0.2689,4355.39,0.019,4354.28,0.1692,4355.4,0.1468,4354.25,0.1,4355.41,0.023,4354.17,2.5116,4355.46,0.008,4354.16,5.0479,4355.51,0.247,4354.15,0.023,4355.54,0.2291,4354.13,2.2967,4355.55,0.2991,4354.05,0.032,4355.56,1.1642,4354.02,0.8449,4355.57,2.2959,4353.98,0.3451,4355.62,0.016
1756903691.7207808,19234803009,1756903691570,4354.69,3.6722,4354.7,4.1673,4354.65,0.002,4354.71,0.4321,4354.61,0.004,4354.82,0.1399,4354.59,0.0601,4354.84,0.1936,4354.56,0.055,4354.85,0.6452,4354.55,1.6059,4355.26,0.302,4354.54,5.345,4355.34,0.002,4354.53,0.008,4355.35,0.9644,4354.37,0.016,4355.36,2.4039,4354.34,0.3136,4355.38,0.004,4354.33,0.11,4355.39,0.019,4354.28,0.1692,4355.4,0.1468,4354.25,0.1,4355.41,0.023,4354.17,2.5116,4355.46,0.008,4354.16,5.0479,4355.51,0.247,4354.15,0.023,4355.54,0.2291,4354.13,2.2967,4355.55,0.2991,4354.05,0.032,4355.56,1.1642,4354.02,0.8449,4355.57,2.2959,4353.98,0.3451,4355.62,0.016
1756903691.8840034,19234803019,1756903691734,4354.69,3.5923,4354.7,4.1673,4354.65,0.002,4354.71,0.4321,4354.61,0.004,4354.82,0.1399,4354.59,0.0601,4354.84,0.1936,4354.56,0.055,4354.85,0.6452,4354.55,1.6059,4355.26,0.302,4354.54,5.345,4355.34,0.002,4354.53,0.008,4355.35,0.9644,4354.37,0.016,4355.36,2.4039,4354.34,0.3136,4355.38,0.004,4354.33,0.11,4355.39,0.019,4354.28,0.1692,4355.4,0.1468,4354.25,0.1,4355.41,0.023,4354.17,2.5116,4355.46,0.008,4354.16,5.0479,4355.51,0.247,4354.15,0.023,4355.54,0.2291,4354.13,2.2967,4355.55,0.2991,4354.05,0.032,4355.56,1.1642,4354.02,0.8449,4355.57,2.2959,4353.98,0.3451,4355.62,0.016
1756903691.9902277,19234803060,1756903691839,4354.69,3.581,4354.7,4.1673,4354.65,0.002,4354.71,0.4321,4354.61,0.004,4354.82,0.1399,4354.59,0.0601,4354.84,0.1936,4354.56,0.055,4354.85,0.6452,4354.55,1.6059,4355.26,0.302,4354.54,5.345,4355.34,0.7188,4354.53,0.008,4355.35,0.9644,4354.37,0.016,4355.36,2.4039,4354.34,0.3136,4355.38,0.004,4354.33,0.11,4355.39,0.019,4354.28,0.1692,4355.4,0.1468,4354.25,0.1,4355.41,0.023,4354.17,2.5116,4355.46,0.008,4354.16,5.0479,4355.51,0.247,4354.15,0.023,4355.54,0.2291,4354.13,2.2967,4355.55,0.2991,4354.05,0.032,4355.56,1.1642,4354.02,0.8449,4355.57,2.2959,4353.98,0.3451,4355.62,0.016
1756903692.094967,19234803105,1756903691945,4354.69,1.2571,4354.7,4.4127,4354.65,0.002,4354.71,0.4321,4354.61,0.004,4354.82,0.1399,4354.56,0.055,4354.84,0.1936,4354.53,0.008,4354.85,0.6452,4354.37,0.016,4355.25,0.3062,4354.34,0.1489,4355.26,0.302,4354.33,0.2681,4355.34,0.7188,4354.28,0.1692,4355.35,0.9644,4354.25,0.1,4355.36,2.4039,4354.17,1.5378,4355.38,0.004,4354.16,5.0479,4355.39,0.019,4354.15,0.023,4355.4,0.1527,4354.05,0.032,4355.41,0.023,4354.02,0.8449,4355.46,0.008,4353.98,0.3451,4355.51,0.247,4353.97,0.0021,4355.54,0.2291,4353.94,2.2968,4355.55,0.2991,4353.92,1.4455,4355.56,1.1642,4353.85,0.6813,4355.57,2.2959
1756903692.205882,19234803135,1756903692056,4354.69,2.6115,4354.7,4.4127,4354.65,0.002,4354.71,0.4321,4354.61,0.004,4354.82,0.1399,4354.56,0.8654,4354.84,0.1936,4354.55,1.6059,4354.85,0.6452,4354.54,5.345,4355.25,0.3062,4354.53,0.008,4355.26,0.302,4354.37,0.016,4355.34,0.7188,4354.34,0.3918,4355.35,0.9644,4354.33,0.2681,4355.36,2.4039,4354.28,0.1692,4355.38,0.004,4354.25,0.1,4355.39,0.019,4354.18,0.0072,4355.4,0.1527,4354.17,1.5378,4355.41,0.023,4354.16,5.0479,4355.46,0.008,4354.15,0.023,4355.51,0.247,4354.05,0.032,4355.54,0.2291,4354.02,1.3891,4355.55,0.2991,4353.98,0.3451,4355.56,1.1642,4353.97,0.0021,4355.57,2.2959
1756903692.3351984,19234803187,1756903692182,4354.69,2.6344,4354.7,4.1673,4354.65,0.002,4354.71,0.4321,4354.61,0.004,4354.82,0.1399,4354.56,0.055,4354.84,0.1936,4354.55,1.6059,4354.85,0.6452,4354.54,5.345,4355.25,0.3062,4354.53,0.008,4355.26,0.302,4354.37,0.016,4355.34,0.7188,4354.34,0.1489,4355.35,0.9644,4354.33,0.2681,4355.36,2.4039,4354.28,0.1692,4355.38,0.004,4354.25,0.1,4355.39,0.019,4354.17,1.5378,4355.4,0.1527,4354.16,5.0479,4355.41,0.023,4354.15,0.023,4355.46,0.008,4354.05,0.032,4355.51,0.247,4354.02,0.8449,4355.54,0.2291,4353.98,0.3451,4355.55,0.2991,4353.97,0.0021,4355.56,1.1642,4353.92,1.4455,4355.57,2.2959
1756903692.507701,19234803197,1756903692358,4354.69,0.8684,4354.7,4.1649,4354.65,0.002,4354.71,0.4321,4354.61,0.004,4354.82,0.1399,4354.56,0.055,4354.84,0.1936,4354.55,1.6059,4354.85,0.6452,4354.54,5.345,4355.25,0.3062,4354.53,0.008,4355.26,0.302,4354.37,0.016,4355.34,0.7188,4354.34,0.1489,4355.35,0.9644,4354.33,0.2681,4355.36,2.4039,4354.28,0.1692,4355.38,0.004,4354.25,0.1,4355.39,0.019,4354.17,1.5378,4355.4,0.1527,4354.16,5.0479,4355.41,0.023,4354.15,0.023,4355.46,0.008,4354.05,0.032,4355.51,0.247,4354.02,0.8449,4355.54,0.2291,4353.98,0.3451,4355.55,0.2991,4353.97,0.0021,4355.56,1.1642,4353.92,1.4455,4355.57,2.2959
1756903692.6356623,19234803270,1756903692458,4354.56,0.036,4354.65,0.5355,4354.53,0.008,4354.7,3.2691,4354.37,0.016,4354.82,0.1399,4354.33,0.2681,4354.84,0.1936,4354.25,0.1,4354.85,0.6452,4354.15,0.023,4355.15,0.6813,4354.05,0.032,4355.25,0.3062,4354.02,0.8449,4355.26,0.302,4353.97,0.0021,4355.34,0.7188,4353.8,0.1253,4355.35,2.4099,4353.75,28.7339,4355.36,0.1079,4353.68,0.011,4355.38,0.004,4353.63,0.2913,4355.39,0.019,4353.62,0.971,4355.4,0.1527,4353.54,0.0046,4355.41,0.023,4353.46,15.426,4355.46,0.008,4353.41,0.064,4355.51,0.247,4353.38,0.4667,4355.54,0.2291,4353.37,0.11,4355.55,0.1891,4353.35,0.011,4355.56,1.1642
1756903692.7082775,19234803462,1756903692558,4354.56,0.2296,4354.57,5.722,4354.53,0.008,4354.63,0.3154,4354.37,0.016,4354.64,0.7263,4354.25,0.1,4354.7,0.3249,4354.15,0.023,4355.14,0.205,4354.05,0.032,4355.15,0.6813,4354.02,0.023,4355.34,0.7626,4353.97,0.0021,4355.35,1.4455,4353.8,0.1253,4355.36,0.1079,4353.77,0.5808,4355.37,0.11,4353.76,0.7974,4355.38,0.004,4353.75,28.7339,4355.39,0.019,4353.68,0.011,4355.4,0.1527,4353.66,0.1567,4355.41,0.023,4353.62,0.971,4355.46,0.008,4353.54,0.0046,4355.51,0.247,4353.51,0.2125,4355.54,0.2291,4353.5,0.3451,4355.55,0.4348,4353.47,9.1837,4355.62,0.016,4353.41,0.064,4355.63,0.4739
1756903692.816537,19234803492,1756903692660,4354.56,0.2021,4354.57,5.7363,4354.53,0.008,4354.63,0.3842,4354.43,0.0275,4354.64,0.36,4354.37,0.016,4354.7,0.3249,4354.25,0.1,4354.83,0.6813,4354.15,0.023,4354.98,2.2962,4354.05,0.032,4355.13,5.0479,4354.02,0.023,4355.14,0.8682,4353.97,0.0021,4355.15,0.6813,4353.9,0.11,4355.2,2.2961,4353.8,0.1253,4355.34,0.7626,4353.77,2.1117,4355.35,1.4455,4353.76,0.7974,4355.36,0.1079,4353.75,28.7339,4355.37,0.11,4353.74,5.345,4355.38,0.004,4353.68,0.011,4355.39,0.019,4353.66,0.1567,4355.4,0.1527,4353.62,0.971,4355.41,0.023,4353.54,0.0046,4355.46,0.008,4353.51,0.1557,4355.51,0.247
1756903692.913295,19234803557,1756903692762,4354.56,0.2021,4354.57,5.7363,4354.53,0.008,4354.63,0.3842,4354.43,0.0275,4354.64,0.36,4354.37,0.016,4354.7,0.3249,4354.25,0.1,4354.83,0.6813,4354.15,0.023,4354.95,0.4773,4354.05,0.032,4354.96,0.6889,4354.02,0.023,4354.98,2.2962,4353.97,0.0021,4355.12,2.4082,4353.9,0.11,4355.13,5.0479,4353.8,0.1253,4355.15,0.6813,4353.78,0.0072,4355.2,2.2961,4353.77,2.1117,4355.34,0.7626,4353.76,0.7902,4355.35,1.4455,4353.75,28.7339,4355.36,0.1079,4353.74,5.345,4355.37,0.11,4353.68,0.011,4355.38,0.004,4353.65,0.1622,4355.39,0.019,4353.62,0.971,4355.4,0.1527,4353.54,0.0046,4355.41,0.023
1756903693.013506,19234803570,1756903692862,4354.56,0.2021,4354.57,5.7363,4354.53,0.008,4354.63,0.3842,4354.43,0.0275,4354.64,0.36,4354.37,0.016,4354.7,0.3249,4354.25,0.1,4354.83,0.6813,4354.15,0.023,4354.95,0.4773,4354.05,0.032,4354.96,0.6889,4354.02,0.023,4354.98,2.2962,4353.97,0.0021,4355.12,2.4082,4353.9,0.11,4355.13,5.0479,4353.8,0.1253,4355.15,0.6813,4353.78,0.0072,4355.2,2.2961,4353.77,2.1117,4355.34,0.7626,4353.76,0.7902,4355.35,1.4455,4353.75,28.7339,4355.36,0.1079,4353.74,5.345,4355.37,0.11,4353.68,0.011,4355.38,0.004,4353.65,0.1622,4355.39,0.019,4353.62,0.971,4355.4,0.1527,4353.54,0.0046,4355.41,0.023
1756903693.1161158,19234803580,1756903692966,4354.56,0.2021,4354.57,5.7363,4354.53,0.008,4354.63,0.3842,4354.43,0.0275,4354.64,0.36,4354.37,0.016,4354.7,0.3249,4354.25,0.1,4354.83,0.6813,4354.15,0.8558,4354.95,0.4773,4354.05,0.032,4354.96,0.6889,4354.02,0.023,4354.98,2.2962,4353.97,0.0021,4355.12,2.4082,4353.91,0.11,4355.13,5.0479,4353.8,0.1253,4355.15,0.6813,4353.78,0.0072,4355.2,2.2961,4353.77,2.1117,4355.34,0.7626,4353.76,0.7902,4355.35,1.4455,4353.75,28.7339,4355.36,0.1079,4353.74,5.345,4355.37,0.11,4353.68,0.011,4355.38,0.004,4353.65,0.1622,4355.39,0.019,4353.62,0.971,4355.4,0.1527,4353.54,0.0046,4355.41,0.023
1756903693.2182913,19234803598,1756903693067,4354.56,0.225,4354.57,5.7363,4354.53,0.008,4354.63,0.3842,4354.43,0.0275,4354.64,0.36,4354.37,0.016,4354.7,0.3249,4354.25,0.1,4354.83,0.6813,4354.15,0.023,4354.94,0.002,4354.05,0.032,4354.95,0.4773,4354.02,0.023,4354.96,0.6889,4353.97,0.0021,4354.98,2.3002,4353.91,0.11,4355.06,0.008,4353.8,0.1253,4355.12,2.4082,4353.78,0.7998,4355.13,5.0479,4353.77,2.1117,4355.15,0.6813,4353.75,28.7339,4355.2,2.2961,4353.74,5.345,4355.34,0.7626,4353.68,0.011,4355.35,1.4455,4353.65,0.1622,4355.36,0.1079,4353.62,0.971,4355.37,0.11,4353.54,0.0046,4355.38,0.004,4353.51,0.1557,4355.39,0.019
1756903693.3378992,19234803652,1756903693188,4354.56,0.1618,4354.57,5.7363,4354.53,0.008,4354.63,0.3842,4354.52,0.002,4354.64,0.36,4354.43,0.0275,4354.7,0.3249,4354.37,0.016,4354.83,0.6813,4354.25,0.1,4354.94,0.002,4354.05,0.032,4354.95,0.4773,4353.97,0.0021,4354.96,0.7119,4353.91,0.11,4354.98,2.3002,4353.8,0.1253,4355.01,0.023,4353.78,0.7998,4355.06,0.008,4353.77,2.1117,4355.12,2.4082,4353.75,28.7339,4355.13,5.0479,4353.74,5.345,4355.15,0.6813,4353.7,0.023,4355.2,2.2961,4353.68,0.011,4355.22,0.016,4353.64,0.1563,4355.34,0.7626,4353.62,0.971,4355.35,1.4455,4353.54,0.0046,4355.36,0.1079,4353.51,0.1557,4355.37,0.11
1756903693.4485023,19234803660,1756903693297,4354.56,0.1618,4354.57,5.9863,4354.53,0.008,4354.63,0.3842,4354.52,0.002,4354.64,0.36,4354.48,0.004,4354.7,0.3249,4354.43,0.0275,4354.83,0.6813,4354.4,0.008,4354.94,0.002,4354.37,0.016,4354.95,0.4773,4354.25,0.1,4354.96,0.7119,4354.24,0.016,4354.98,2.3002,4354.05,0.032,4355.01,0.023,4353.97,0.0021,4355.06,0.008,4353.92,0.032,4355.12,2.4082,4353.91,0.11,4355.13,5.0479,4353.8,0.1253,4355.15,0.6813,4353.78,0.7998,4355.2,2.2961,4353.77,2.1117,4355.22,0.016,4353.75,28.7339,4355.34,0.7626,4353.74,5.345,4355.35,1.4455,4353.7,0.023,4355.36,0.1079,4353.68,0.011,4355.37,0.11
1756903693.5518417,19234803684,1756903693402,4354.56,0.1505,4354.57,5.9863,4354.52,0.002,4354.64,0.36,4354.48,0.004,4354.69,0.3019,4354.43,0.0275,4354.7,0.3249,4354.4,0.008,4354.83,0.6813,4354.25,0.1,4354.94,0.002,4354.24,0.016,4354.95,0.4773,4353.97,0.0021,4354.96,0.7119,4353.92,0.032,4354.98,2.3002,4353.91,0.11,4355.01,0.023,4353.8,0.1253,4355.06,0.008,4353.78,0.7998,4355.12,2.4082,4353.77,2.1117,4355.13,5.0479,4353.75,28.7339,4355.15,0.6813,4353.74,5.345,4355.2,2.2961,4353.7,0.023,4355.22,0.016,4353.68,0.011,4355.34,0.7626,4353.64,0.1563,4355.35,1.4455,4353.62,0.971,4355.36,0.1079,4353.54,0.0046,4355.37,0.11
1756903693.6552107,19234803712,1756903693504,4354.56,0.0569,4354.57,5.9863,4354.52,0.002,4354.59,0.6813,4354.48,0.004,4354.64,0.36,4354.43,0.0275,4354.69,0.3019,4354.4,0.008,4354.7,0.3249,4354.25,0.1,4354.83,0.6813,4354.24,0.016,4354.94,0.1557,4353.97,0.0021,4354.95,0.4773,4353.92,0.032,4354.96,0.023,4353.9,0.11,4354.98,0.004,4353.8,0.1253,4355.01,0.023,4353.78,0.0072,4355.06,0.008,4353.77,2.1117,4355.13,5.0479,4353.75,28.7339,4355.15,0.6813,4353.7,0.023,4355.22,0.016,4353.68,0.011,4355.34,0.7606,4353.64,0.1563,4355.35,1.4455,4353.62,0.971,4355.36,0.1079,4353.54,0.0046,4355.37,0.11,4353.51,0.1557,4355.39,0.019
1756903693.767755,19234803863,1756903693618,4354.43,0.0275,4354.44,5.3082,4354.4,0.008,4354.48,0.7118,4354.25,0.1,4354.49,0.8328,4354.24,0.016,4354.57,1.0215,4353.97,0.0021,4354.64,0.36,4353.93,0.11,4354.69,0.3019,4353.92,0.032,4354.7,0.3249,4353.89,1.6411,4354.83,0.6813,4353.88,5.345,4354.94,0.8686,4353.8,0.1253,4354.96,0.023,4353.78,0.0072,4354.98,0.004,4353.75,28.7339,4355.01,0.023,4353.7,0.023,4355.06,0.008,4353.68,0.011,4355.12,2.4404,4353.63,0.4502,4355.13,5.0479,4353.62,0.971,4355.15,0.6813,4353.54,0.0046,4355.22,0.016,4353.51,0.1557,4355.34,0.7606,4353.5,0.3451,4355.35,1.4455,4353.37,0.11,4355.36,0.1079
1756903693.8811269,19234803875,1756903693729,4354.43,0.0504,4354.44,5.3082,4354.4,0.008,4354.48,0.7118,4354.25,0.1,4354.49,0.8328,4354.24,0.016,4354.57,1.0072,4353.97,0.0021,4354.64,0.36,4353.93,0.11,4354.69,0.3019,4353.92,0.032,4354.7,0.3249,4353.84,5.345,4354.83,0.6813,4353.8,0.1253,4354.94,0.8686,4353.78,0.0072,4354.96,0.023,4353.75,28.7339,4354.98,0.004,4353.7,0.023,4355.01,0.023,4353.68,0.011,4355.06,0.008,4353.63,0.4502,4355.12,2.4404,4353.62,0.971,4355.13,5.0479,4353.54,0.0046,4355.15,0.6813,4353.51,0.1557,4355.22,0.016,4353.5,0.3451,4355.34,0.7606,4353.37,0.11,4355.35,1.4455,4353.35,0.314,4355.36,0.1079
1756903694.0159888,19234803922,1756903693864,4354.43,0.1269,4354.44,5.3225,4354.4,0.008,4354.48,0.7118,4354.3,0.0275,4354.49,0.8328,4354.25,0.1,4354.57,1.0072,4354.24,0.016,4354.64,0.36,4353.97,0.0021,4354.69,0.3019,4353.93,0.11,4354.7,0.3249,4353.92,0.032,4354.83,0.6813,4353.86,0.8739,4354.94,0.8686,4353.85,1.6483,4354.96,0.023,4353.84,5.345,4354.98,0.004,4353.8,0.1253,4355.01,0.023,4353.75,28.7339,4355.06,0.008,4353.7,0.023,4355.12,2.4404,4353.68,0.011,4355.13,5.0479,4353.63,0.4502,4355.15,0.6813,4353.62,0.971,4355.22,0.016,4353.54,0.0046,4355.34,0.7606,4353.51,0.1557,4355.35,1.4455,4353.5,0.3451,4355.36,0.1079
1756903694.139833,19234803932,1756903693989,4354.43,0.594,4354.44,5.3225,4354.4,0.008,4354.48,0.7118,4354.3,0.0275,4354.49,0.8328,4354.25,0.1,4354.57,1.0072,4354.24,0.016,4354.64,0.36,4353.97,0.0021,4354.69,0.3019,4353.93,0.11,4354.7,0.3249,4353.92,0.032,4354.83,0.6813,4353.86,0.8739,4354.94,0.8686,4353.85,1.6483,4354.96,0.023,4353.84,5.345,4354.98,0.004,4353.8,0.1253,4355.01,0.023,4353.75,28.7339,4355.06,0.008,4353.7,0.023,4355.12,2.4404,4353.68,0.011,4355.13,5.0479,4353.63,0.4502,4355.15,0.6813,4353.62,0.971,4355.22,0.016,4353.54,0.0046,4355.34,0.7606,4353.51,0.1557,4355.35,1.4455,4353.5,0.3451,4355.36,0.1079
1756903694.2497613,19234803973,1756903694099,4354.43,0.594,4354.44,5.3225,4354.4,0.008,4354.48,0.7118,4354.3,0.0275,4354.49,0.8328,4354.25,0.1,4354.54,0.002,4354.24,0.016,4354.57,1.0072,4353.97,0.0021,4354.58,0.004,4353.93,0.11,4354.64,0.36,4353.92,0.032,4354.66,0.008,4353.85,1.6483,4354.69,0.3019,4353.84,5.345,4354.7,0.3249,4353.8,0.1253,4354.83,0.6813,4353.75,28.7339,4354.94,0.8686,4353.7,0.023,4354.96,0.023,4353.68,0.011,4354.98,0.004,4353.63,0.4502,4355.01,0.023,4353.62,0.971,4355.06,0.008,4353.54,0.0046,4355.12,2.4404,4353.51,0.1557,4355.13,5.0479,4353.5,0.3451,4355.15,0.6813,4353.37,0.11,4355.22,0.016
1756903694.3660908,19234803983,1756903694215,4354.43,0.5839,4354.44,5.3225,4354.4,0.008,4354.48,0.7118,4354.3,0.0275,4354.49,0.8328,4354.25,0.1,4354.54,0.002,4354.24,0.016,4354.57,1.0072,4353.97,0.0021,4354.58,0.004,4353.93,0.11,4354.64,0.36,4353.92,0.032,4354.66,0.008,4353.85,1.6483,4354.69,0.3019,4353.84,5.345,4354.7,0.3249,4353.8,0.1253,4354.82,0.016,4353.75,28.7339,4354.83,0.6813,4353.7,0.023,4354.94,0.8686,4353.68,0.011,4354.96,0.023,4353.63,0.4502,4354.98,0.004,4353.62,0.971,4355.01,0.023,4353.51,0.1557,4355.06,0.008,4353.5,0.3451,4355.12,2.4404,4353.37,0.11,4355.13,5.0479,4353.35,0.314,4355.14,0.032
1756903694.4666104,19234803993,1756903694317,4354.43,0.4859,4354.44,5.5725,4354.4,0.008,4354.48,0.7118,4354.39,0.002,4354.49,0.8328,4354.35,0.004,4354.54,0.002,4354.3,0.0275,4354.57,1.0072,4354.25,0.1,4354.58,0.004,4354.24,0.016,4354.64,0.36,4353.97,0.0021,4354.66,0.008,4353.93,0.11,4354.69,0.3019,4353.92,0.032,4354.7,0.3249,4353.85,1.6483,4354.82,0.016,4353.84,5.345,4354.83,0.6813,4353.8,0.1253,4354.94,0.8686,4353.75,28.7339,4354.96,0.023,4353.7,0.023,4354.98,0.004,4353.68,0.011,4355.01,0.023,4353.63,0.4502,4355.06,0.008,4353.62,0.971,4355.12,2.4404,4353.51,0.1557,4355.13,5.0479,4353.5,0.3451,4355.14,0.032
1756903694.5771515,19234804011,1756903694420,4354.43,0.4859,4354.44,5.5725,4354.4,0.008,4354.48,0.7118,4354.39,0.002,4354.49,0.8328,4354.35,0.004,4354.54,0.002,4354.3,0.0275,4354.57,1.0072,4354.27,0.008,4354.58,0.004,4354.25,0.1,4354.64,0.36,4354.24,0.016,4354.66,0.008,4354.11,0.016,4354.69,0.3019,4353.97,0.0021,4354.7,0.3249,4353.93,0.11,4354.82,0.016,4353.92,0.032,4354.83,0.6813,4353.86,1.2187,4354.94,0.8686,4353.85,1.6483,4354.96,0.023,4353.84,5.345,4354.98,0.004,4353.8,0.1253,4355.01,0.023,4353.79,0.032,4355.06,0.008,4353.75,28.7339,4355.1,0.0164,4353.7,0.023,4355.12,2.4404,4353.68,0.011,4355.13,5.0479
1756903694.6765354,19234804040,1756903694526,4354.43,0.5899,4354.44,6.0425,4354.39,0.002,4354.48,0.0287,4354.35,0.004,4354.49,0.8328,4354.3,0.0275,4354.54,0.002,4354.27,0.008,4354.57,1.0072,4354.25,0.1,4354.58,0.004,4354.11,0.016,4354.66,0.008,4353.97,0.0021,4354.69,0.3019,4353.93,0.11,4354.7,0.3249,4353.92,0.032,4354.82,0.016,4353.87,0.0072,4354.83,0.6813,4353.86,1.2187,4354.94,0.1557,4353.85,1.6411,4354.96,0.023,4353.84,5.345,4354.98,0.004,4353.8,0.1253,4355.01,0.023,4353.79,0.032,4355.06,0.008,4353.75,28.7339,4355.1,0.0164,4353.7,0.023,4355.12,2.4404,4353.68,0.011,4355.13,5.0479,4353.63,0.2913,4355.14,0.032
1756903694.792356,19234804049,1756903694640,4354.43,0.5899,4354.44,5.3552,4354.39,0.002,4354.49,0.8328,4354.35,0.004,4354.54,0.002,4354.3,0.0275,4354.57,1.0072,4354.27,0.008,4354.58,0.004,4354.25,0.1,4354.66,0.008,4354.11,0.016,4354.69,0.3019,4353.97,0.0021,4354.7,0.3249,4353.93,0.11,4354.82,0.016,4353.87,0.0072,4354.83,0.6813,4353.86,1.2187,4354.94,0.1537,4353.85,1.6411,4354.96,0.023,4353.84,5.345,4355.01,0.023,4353.8,0.1253,4355.06,0.008,4353.79,0.032,4355.1,0.0164,4353.75,28.7339,4355.11,0.7168,4353.7,0.023,4355.12,1.7236,4353.68,0.011,4355.13,5.0479,4353.63,0.2913,4355.14,0.032,4353.62,1.1298,4355.15,0.6813
1756903694.9080272,19234804099,1756903694749,4354.43,0.5899,4354.44,5.3552,4354.39,0.002,4354.49,0.8328,4354.35,0.004,4354.54,0.002,4354.3,0.0275,4354.57,1.0072,4354.27,0.008,4354.58,0.004,4354.25,0.1,4354.66,0.008,4354.11,0.016,4354.69,0.3019,4353.97,0.9364,4354.7,0.3249,4353.93,0.11,4354.82,0.016,4353.87,0.0072,4354.83,0.6813,4353.86,1.2187,4354.94,0.1537,4353.85,1.6411,4354.96,0.023,4353.84,5.345,4355.01,0.023,4353.8,0.1253,4355.1,0.0164,4353.79,0.032,4355.11,0.7168,4353.75,28.7339,4355.12,1.7236,4353.7,0.023,4355.13,5.0479,4353.68,0.011,4355.14,0.032,4353.63,0.2913,4355.15,0.6813,4353.62,1.1298,4355.32,0.0178
1756903695.0065045,19234804102,1756903694856,4354.43,0.5899,4354.44,5.3552,4354.39,0.002,4354.49,0.8328,4354.35,0.004,4354.54,0.002,4354.3,0.0275,4354.57,1.0072,4354.27,0.008,4354.58,0.004,4354.25,0.1,4354.66,0.008,4354.11,0.016,4354.69,0.3019,4353.97,0.9364,4354.7,0.3249,4353.93,0.11,4354.82,0.016,4353.87,0.0072,4354.83,0.6813,4353.86,1.2187,4354.94,0.1537,4353.85,1.6411,4354.96,0.023,4353.84,5.345,4355.01,0.023,4353.8,0.1253,4355.1,0.0164,4353.79,0.032,4355.11,0.7168,4353.75,28.7339,4355.12,1.7236,4353.7,0.023,4355.13,5.0479,4353.68,0.011,4355.14,0.032,4353.63,0.2913,4355.15,0.6813,4353.62,1.1298,4355.32,0.0178
1756903695.127935,19234804125,1756903694977,4354.43,0.5899,4354.44,5.3552,4354.39,0.002,4354.49,0.8328,4354.35,0.004,4354.54,0.002,4354.3,0.0275,4354.57,1.0072,4354.27,0.008,4354.58,0.004,4354.25,0.1,4354.66,0.008,4354.11,0.016,4354.69,0.3019,4353.97,0.9343,4354.7,0.3249,4353.93,0.11,4354.82,0.016,4353.87,0.0072,4354.83,0.6813,4353.86,1.2187,4354.94,0.1537,4353.85,1.6411,4354.96,0.023,4353.84,5.345,4355.01,0.023,4353.8,0.1253,4355.1,0.1013,4353.79,0.032,4355.11,0.7168,4353.75,28.7339,4355.12,1.7236,4353.7,0.023,4355.13,5.0669,4353.68,0.011,4355.14,0.032,4353.63,0.2913,4355.15,0.7281,4353.62,1.1298,4355.32,0.0178
1756903695.2356932,19234804322,1756903695078,4354.43,2.7557,4354.54,0.002,4354.39,0.002,4354.57,1.0072,4354.35,0.004,4354.58,0.004,4354.3,0.0275,4354.66,0.008,4354.27,0.008,4354.7,0.302,4354.25,0.1,4354.82,0.016,4354.11,0.016,4354.96,0.023,4354.07,0.7921,4355.01,0.023,4354.06,0.4598,4355.1,0.1013,4353.97,0.9343,4355.11,0.7168,4353.88,0.9343,4355.13,0.019,4353.87,0.6885,4355.14,0.032,4353.85,1.6411,4355.15,0.0468,4353.84,5.345,4355.32,0.0178,4353.8,0.1253,4355.36,0.023,4353.79,0.032,4355.37,0.11,4353.77,0.6889,4355.38,0.3342,4353.76,10.6292,4355.39,0.343,4353.75,28.7339,4355.4,0.1059,4353.7,0.023,4355.54,0.2291
1756903695.330526,19234804534,1756903695179,4354.62,3.9779,4354.63,0.104,4354.55,0.4654,4354.66,0.008,4354.53,1.5512,4354.69,0.1606,4354.44,0.2058,4354.82,0.016,4354.43,0.0289,4354.96,0.023,4354.39,0.002,4355.01,0.023,4354.35,0.004,4355.09,0.0286,4354.31,0.2454,4355.1,0.1013,4354.3,0.1895,4355.13,0.019,4354.27,0.008,4355.14,0.032,4354.25,0.1,4355.15,0.0468,4354.11,0.016,4355.32,0.0178,4354.08,0.3276,4355.34,0.0286,4354.07,0.7921,4355.35,0.4583,4354.06,0.3,4355.36,0.7398,4353.98,0.11,4355.37,0.11,4353.87,0.6885,4355.4,0.1059,4353.85,1.6411,4355.53,0.8937,4353.84,5.345,4355.54,0.2291,4353.8,0.1253,4355.57,0.3106
1756903695.4310584,19234804620,1756903695281,4354.65,4.0739,4354.66,0.008,4354.64,0.9282,4354.69,0.1606,4354.62,1.4369,4354.82,0.016,4354.54,0.6813,4354.96,0.023,4354.45,5.345,4355.01,0.023,4354.44,0.3681,4355.1,0.1013,4354.43,0.0289,4355.13,0.019,4354.39,0.002,4355.14,0.032,4354.35,0.004,4355.15,0.0468,4354.31,0.2454,4355.32,0.0178,4354.3,0.1895,4355.35,0.6236,4354.29,0.6813,4355.36,0.7398,4354.27,0.008,4355.4,0.1059,4354.25,0.1,4355.49,0.11,4354.14,5.0479,4355.52,0.8937,4354.13,1.0214,4355.54,0.2291,4354.11,0.016,4355.57,0.3106,4354.07,0.7921,4355.58,0.6813,4354.06,0.3,4355.71,0.011,4353.98,0.11,4355.74,0.0498
1756903695.5288866,19234804878,1756903695381,4354.95,4.2275,4354.96,0.023,4354.94,3.9934,4354.97,0.1578,4354.85,0.1,4355.01,0.023,4354.84,0.9086,4355.1,0.1013,4354.83,0.36,4355.13,0.019,4354.82,1.5429,4355.14,0.032,4354.67,1.365,4355.15,0.0468,4354.65,1.8557,4355.32,0.0178,4354.59,0.1584,4355.36,0.7398,4354.46,3.4267,4355.4,0.1059,4354.45,5.345,4355.54,0.2291,4354.44,0.0143,4355.57,0.3106,4354.43,0.006,4355.58,0.6813,4354.39,0.002,4355.68,0.11,4354.35,0.004,4355.71,0.011,4354.32,1.1983,4355.74,0.0498,4354.31,0.2454,4355.78,0.2932,4354.3,0.0275,4355.8,0.038,4354.29,0.6813,4355.84,0.0937,4354.28,0.17,4355.91,0.7146
1756903695.6283357,19234805150,1756903695482,4355.06,4.8935,4355.07,2.5546,4355.02,0.2927,4355.1,0.1013,4355.01,0.36,4355.13,0.019,4355.0,0.2454,4355.14,0.032,4354.94,0.0229,4355.15,0.0468,4354.69,0.1583,4355.32,0.0178,4354.66,0.9904,4355.36,0.7398,4354.65,1.8557,4355.4,0.1059,4354.48,0.11,4355.53,0.9347,4354.46,1.9812,4355.54,0.2291,4354.45,5.345,4355.71,0.011,4354.44,0.0143,4355.74,0.0498,4354.43,0.006,4355.78,0.2932,4354.39,0.002,4355.79,0.9046,4354.35,0.004,4355.8,0.038,4354.3,0.0275,4355.84,0.0937,4354.29,0.6813,4355.93,0.9364,4354.28,0.17,4355.94,0.3433,4354.27,0.008,4355.97,0.7913,4354.25,0.1,4356.02,0.0066
1756903695.7460818,19234805188,1756903695596,4355.06,4.9535,4355.07,2.5546,4355.01,0.36,4355.1,0.1013,4354.94,0.0229,4355.13,0.019,4354.69,0.1583,4355.14,0.032,4354.67,0.8127,4355.15,0.0468,4354.66,0.9496,4355.32,0.0178,4354.65,1.8557,4355.35,0.6029,4354.48,0.9024,4355.36,0.7398,4354.47,1.4455,4355.4,0.1059,4354.46,1.9812,4355.53,0.9347,4354.45,5.345,4355.54,0.2291,4354.44,0.0143,4355.64,0.1798,4354.43,0.006,4355.65,0.2454,4354.39,0.002,4355.71,0.011,4354.35,0.004,4355.74,0.0498,4354.3,0.0275,4355.78,0.2932,4354.29,2.9779,4355.8,0.038,4354.28,0.17,4355.84,0.0937,4354.27,0.008,4355.92,0.6213,4354.25,0.1,4355.93,0.9364
1756903695.8457985,19234805204,1756903695699,4355.06,4.9678,4355.07,2.5546,4355.01,0.36,4355.1,0.1013,4354.94,0.0229,4355.13,0.019,4354.93,0.0275,4355.14,0.032,4354.69,0.1583,4355.15,0.1867,4354.67,0.8127,4355.32,0.0178,4354.66,1.8313,4355.35,0.6029,4354.65,1.8557,4355.36,0.7398,4354.5,2.2965,4355.4,0.1059,4354.48,0.9024,4355.53,0.9347,4354.47,1.4455,4355.54,0.2291,4354.46,1.9812,4355.64,0.1798,4354.45,5.345,4355.65,0.2454,4354.43,0.006,4355.71,0.011,4354.39,0.002,4355.74,0.0498,4354.35,0.004,4355.78,0.2932,4354.29,2.9779,4355.8,0.038,4354.28,0.17,4355.84,0.0937,4354.27,0.008,4355.92,0.6213,4354.25,0.1,4355.93,0.9364
1756903695.9860053,19234805256,1756903695823,4355.06,5.1948,4355.07,2.5546,4355.01,0.36,4355.1,0.1013,4354.94,0.0229,4355.13,0.019,4354.93,0.0275,4355.14,0.032,4354.69,0.1583,4355.15,0.1867,4354.67,0.8127,4355.32,0.0178,4354.66,1.8313,4355.35,0.3878,4354.65,1.8557,4355.36,0.023,4354.5,2.2965,4355.4,0.1059,4354.48,0.9024,4355.53,0.9347,4354.47,1.4455,4355.54,0.2291,4354.46,1.9812,4355.64,0.1798,4354.45,5.345,4355.65,0.2454,4354.43,0.006,4355.71,0.011,4354.39,0.002,4355.74,0.0498,4354.35,0.004,4355.78,0.2932,4354.29,2.9779,4355.8,0.038,4354.28,0.17,4355.84,0.0937,4354.27,0.008,4355.92,0.6213,4354.25,0.2879,4355.93,0.9364
1756903696.0760164,19234805282,1756903695926,4355.06,5.1948,4355.07,2.4976,4355.01,0.36,4355.1,0.1013,4354.94,0.0229,4355.13,0.019,4354.93,0.0275,4355.14,0.032,4354.69,0.1583,4355.15,0.1867,4354.67,0.8127,4355.32,0.0178,4354.66,1.8313,4355.35,0.3878,4354.65,1.8557,4355.36,0.023,4354.5,2.2965,4355.4,0.1059,4354.48,0.9024,4355.53,0.9347,4354.47,1.4455,4355.54,0.2291,4354.46,1.9812,4355.71,0.011,4354.45,5.345,4355.74,0.0498,4354.43,0.006,4355.78,0.2932,4354.39,0.002,4355.8,0.038,4354.35,0.004,4355.84,0.0937,4354.29,2.9779,4355.92,0.6213,4354.28,0.17,4355.93,0.9364,4354.27,0.008,4355.94,0.3433,4354.25,0.2916,4355.97,0.7913
1756903696.1752577,19234805294,1756903696028,4355.06,5.1948,4355.07,2.5775,4355.01,0.36,4355.1,0.1013,4354.94,0.0229,4355.13,0.019,4354.93,0.0275,4355.14,0.032,4354.69,0.1583,4355.15,0.1867,4354.67,0.8127,4355.32,0.0178,4354.66,1.8313,4355.35,0.3878,4354.65,1.8557,4355.36,0.023,4354.5,2.2965,4355.4,0.1,4354.48,0.9024,4355.53,0.9347,4354.47,1.4455,4355.54,0.2291,4354.46,1.9812,4355.71,0.011,4354.45,5.345,4355.74,0.0498,4354.43,0.006,4355.78,0.2932,4354.39,0.002,4355.8,0.038,4354.35,0.004,4355.84,0.0937,4354.33,0.0046,4355.92,0.6213,4354.29,2.9779,4355.93,0.9364,4354.28,0.17,4355.94,0.3433,4354.27,0.008,4355.97,0.7913
1756903696.2786052,19234805353,1756903696129,4355.06,5.3088,4355.07,2.5936,4355.01,0.36,4355.1,0.1013,4354.94,0.0229,4355.11,0.002,4354.93,0.0275,4355.13,0.019,4354.69,0.1583,4355.14,0.032,4354.67,0.8127,4355.15,0.1907,4354.66,2.6235,4355.23,0.008,4354.65,1.8557,4355.32,0.0178,4354.56,0.023,4355.35,0.3878,4354.51,0.023,4355.4,0.1,4354.5,2.2965,4355.53,0.9347,4354.48,0.11,4355.54,0.2291,4354.47,1.4455,4355.71,0.011,4354.46,1.9812,4355.74,0.0498,4354.45,5.345,4355.77,0.023,4354.43,0.006,4355.78,0.2932,4354.39,0.002,4355.8,0.038,4354.35,0.004,4355.81,0.0059,4354.33,0.0046,4355.82,0.023,4354.29,2.9779,4355.84,0.0937
1756903696.379393,19234805363,1756903696229,4355.06,5.3088,4355.07,2.5137,4355.01,0.36,4355.1,0.1013,4354.94,0.0229,4355.11,0.002,4354.93,0.0275,4355.13,0.019,4354.69,0.1583,4355.14,0.032,4354.67,0.8127,4355.15,0.1907,4354.66,2.6235,4355.23,0.008,4354.65,1.8557,4355.32,0.0178,4354.56,0.023,4355.34,0.0286,4354.51,0.023,4355.35,0.3878,4354.5,2.2965,4355.39,0.016,4354.48,0.11,4355.4,0.1,4354.47,1.4455,4355.53,0.9347,4354.46,1.9812,4355.54,0.2291,4354.45,5.345,4355.71,0.043,4354.43,0.006,4355.74,0.0498,4354.39,0.002,4355.77,0.023,4354.35,0.004,4355.78,0.2932,4354.33,0.0046,4355.8,0.038,4354.29,2.9779,4355.81,0.0059
1756903696.481494,19234805386,1756903696331,4355.06,5.3088,4355.07,2.5137,4355.01,0.36,4355.1,0.1013,4354.94,0.0229,4355.11,0.002,4354.93,0.0275,4355.13,0.019,4354.79,0.0019,4355.14,0.032,4354.75,0.002,4355.15,0.1907,4354.74,0.2531,4355.23,0.008,4354.73,0.6813,4355.32,0.0178,4354.71,0.004,4355.39,0.0446,4354.69,0.1583,4355.4,0.1,4354.67,0.8127,4355.51,0.0286,4354.66,1.8318,4355.52,0.3491,4354.65,1.8557,4355.53,0.9347,4354.63,0.008,4355.54,0.2291,4354.56,0.023,4355.71,0.043,4354.51,0.023,4355.74,0.0498,4354.48,0.11,4355.77,0.023,4354.47,1.4615,4355.78,0.2932,4354.46,1.9812,4355.8,0.038,4354.45,5.345,4355.81,0.0059
1756903696.5794332,19234805478,1756903696431,4355.1,4.4271,4355.13,0.019,4355.07,0.9272,4355.14,0.032,4355.06,3.0601,4355.15,0.1907,4355.01,0.36,4355.23,0.008,4354.94,0.0229,4355.32,0.0178,4354.93,0.0275,4355.39,0.016,4354.79,0.0019,4355.4,0.1,4354.75,0.002,4355.54,0.2291,4354.74,0.2531,4355.71,0.043,4354.73,0.6813,4355.74,0.0498,4354.71,0.004,4355.77,0.023,4354.69,0.1583,4355.78,0.2932,4354.67,0.8127,4355.8,0.038,4354.66,2.3956,4355.81,0.0059,4354.65,1.8557,4355.82,0.023,4354.63,0.008,4355.84,0.0937,4354.56,0.023,4355.92,0.6213,4354.51,0.023,4355.93,0.9364,4354.48,0.11,4355.94,0.3433,4354.47,1.4615,4355.97,0.6813
1756903696.681233,19234805983,1756903696531,4355.49,3.7929,4355.5,0.0004,4355.31,0.36,4355.61,0.0799,4355.13,2.1268,4355.71,0.147,4355.12,0.1576,4355.74,0.0498,4355.11,0.0143,4355.77,0.023,4354.93,1.1655,4355.78,0.064,4354.79,1.0586,4355.8,0.038,4354.75,0.002,4355.81,0.0059,4354.74,0.2531,4355.82,0.023,4354.73,0.6813,4355.84,0.0937,4354.71,0.004,4355.91,0.7168,4354.69,0.971,4356.02,0.0066,4354.66,1.0396,4356.04,0.5193,4354.65,1.5537,4356.17,0.023,4354.63,0.008,4356.18,0.0357,4354.56,0.023,4356.32,0.9431,4354.55,0.3458,4356.35,0.064,4354.53,0.4582,4356.38,0.11,4354.51,0.023,4356.39,0.0997,4354.47,1.4615,4356.43,0.0127
1756903696.78222,19234806073,1756903696631,4355.49,4.8547,4355.5,2.2112,4355.31,0.36,4355.71,0.043,4355.16,2.9932,4355.74,0.0498,4355.15,5.345,4355.77,0.023,4355.13,0.6813,4355.8,0.038,4355.12,0.1576,4355.81,0.0059,4355.11,0.0143,4355.82,0.023,4355.02,0.11,4355.84,0.0937,4354.93,0.0275,4355.87,0.2378,4354.8,0.0072,4355.88,0.7925,4354.79,0.0019,4356.02,0.0066,4354.75,0.002,4356.03,0.1734,4354.74,0.4969,4356.04,0.5193,4354.73,0.6813,4356.17,0.023,4354.71,0.004,4356.18,0.0357,4354.69,0.971,4356.3,0.334,4354.66,1.0396,4356.31,0.7168,4354.65,1.5537,4356.32,0.11,4354.63,0.008,4356.35,0.064,4354.56,0.023,4356.38,0.11
1756903696.8864105,19234806102,1756903696734,4355.49,4.9147,4355.5,2.2112,4355.31,0.36,4355.71,0.043,4355.16,2.9932,4355.74,0.0498,4355.15,5.345,4355.77,0.023,4355.13,0.6813,4355.8,0.038,4355.12,0.1576,4355.81,0.0059,4355.11,0.0143,4355.82,0.023,4355.02,0.11,4355.84,0.0937,4354.98,0.6971,4355.87,0.2378,4354.97,2.2962,4355.88,0.7925,4354.93,0.0275,4356.02,0.0066,4354.8,0.0072,4356.03,0.1734,4354.79,1.1883,4356.04,0.5193,4354.78,2.2963,4356.17,0.023,4354.75,0.002,4356.18,0.0357,4354.73,0.6813,4356.3,0.334,4354.71,0.004,4356.31,0.7168,4354.69,0.971,4356.32,0.11,4354.66,1.0396,4356.35,0.064,4354.65,1.5537,4356.38,0.11
1756903696.9917812,19234806158,1756903696837,4355.49,5.1647,4355.5,2.2911,4355.36,0.0275,4355.63,0.4731,4355.31,0.36,4355.71,0.043,4355.16,2.9932,4355.74,0.0498,4355.15,5.345,4355.77,0.023,4355.13,0.6813,4355.8,0.038,4355.12,0.1576,4355.81,0.0059,4355.11,0.0143,4355.82,0.023,4355.02,0.11,4355.84,0.0937,4354.98,0.6971,4355.87,0.2378,4354.97,2.2962,4355.88,0.7925,4354.8,0.0072,4356.02,0.0066,4354.79,1.1883,4356.03,0.1734,4354.78,2.2963,4356.04,0.5193,4354.75,0.002,4356.17,0.023,4354.73,0.6813,4356.18,0.0357,4354.71,0.004,4356.3,0.334,4354.69,0.971,4356.31,0.7168,4354.66,1.0396,4356.35,0.064,4354.65,1.5537,4356.38,0.11
1756903697.0877166,19234806182,1756903696938,4355.49,5.1647,4355.5,2.2112,4355.36,0.0275,4355.63,0.4731,4355.31,0.36,4355.71,0.043,4355.16,2.9932,4355.74,0.0498,4355.15,5.345,4355.77,0.023,4355.13,0.6813,4355.8,0.038,4355.12,0.1576,4355.81,0.0059,4355.11,0.0143,4355.82,0.023,4355.02,0.11,4355.84,0.0937,4354.98,0.6971,4355.87,0.2378,4354.97,2.2962,4355.88,0.7925,4354.8,0.0072,4356.02,0.0066,4354.79,1.2539,4356.17,0.023,4354.78,2.2963,4356.18,0.0357,4354.75,0.002,4356.3,0.334,4354.73,0.6813,4356.31,0.7168,4354.71,0.004,4356.35,0.064,4354.69,0.971,4356.38,0.11,4354.66,1.0396,4356.39,0.0997,4354.65,1.5537,4356.43,0.0127
1756903697.1855898,19234806205,1756903697038,4355.49,5.179,4355.5,1.1829,4355.36,0.0275,4355.63,0.4731,4355.31,0.36,4355.71,0.043,4355.16,2.9932,4355.74,0.0498,4355.15,5.345,4355.77,0.023,4355.13,0.6813,4355.8,0.038,4355.12,0.1576,4355.81,0.0059,4355.02,0.11,4355.82,0.023,4354.8,1.0072,4355.84,0.0937,4354.79,2.3638,4355.87,0.2378,4354.75,0.002,4356.02,0.0066,4354.74,0.7914,4356.17,0.023,4354.73,0.6813,4356.18,0.0357,4354.71,0.004,4356.3,0.334,4354.69,0.971,4356.31,0.7168,4354.66,1.0396,4356.35,0.064,4354.65,1.5537,4356.38,0.11,4354.63,0.008,4356.39,0.0997,4354.56,0.023,4356.43,0.8447,4354.55,0.3458,4356.44,1.9207
1756903697.2934027,19234806389,1756903697138,4355.62,4.0627,4355.63,2.1062,4355.51,1.318,4355.67,0.004,4355.49,4.0383,4355.68,0.1639,4355.36,0.0275,4355.71,0.043,4355.31,0.36,4355.74,0.0498,4355.3,0.156,4355.77,0.023,4355.17,1.6909,4355.8,0.038,4355.16,2.9932,4355.81,0.0059,4355.15,5.345,4355.82,0.023,4355.13,0.6813,4355.84,0.0937,4355.02,0.11,4356.01,0.257,4354.8,0.5047,4356.02,0.798,4354.79,0.0675,4356.17,0.023,4354.75,0.002,4356.18,0.0357,4354.73,0.6813,4356.3,0.334,4354.71,0.004,4356.31,0.7168,4354.69,0.971,4356.35,0.064,4354.67,0.3462,4356.39,0.2097,4354.66,1.0396,4356.43,0.0127,4354.65,1.5537,4356.44,2.2993
1756903697.390489,19234806519,1756903697241,4355.66,10.1794,4355.67,0.004,4355.64,1.8212,4355.7,0.1613,4355.63,0.36,4355.71,0.043,4355.62,1.5502,4355.74,0.0498,4355.56,0.11,4355.75,0.008,4355.49,1.8445,4355.77,0.023,4355.36,0.0275,4355.8,0.038,4355.32,0.1603,4355.81,0.0059,4355.31,0.36,4355.82,0.023,4355.17,1.4455,4355.84,0.0937,4355.16,1.8552,4355.91,0.016,4355.15,5.345,4356.02,0.0066,4355.13,0.6813,4356.17,0.917,4354.82,0.2454,4356.18,0.0357,4354.8,0.5047,4356.23,0.032,4354.79,0.0675,4356.3,0.334,4354.75,0.002,4356.31,0.7168,4354.73,0.6813,4356.35,0.064,4354.71,0.004,4356.39,0.0997,4354.69,0.971,4356.42,0.7913
1756903697.5014114,19234806550,1756903697353,4355.66,10.2394,4355.67,0.004,4355.64,1.1677,4355.7,0.1613,4355.63,0.36,4355.71,0.043,4355.62,1.5502,4355.74,0.0498,4355.56,0.11,4355.75,0.008,4355.49,1.7395,4355.77,0.023,4355.45,0.002,4355.8,0.038,4355.41,0.004,4355.81,0.0059,4355.36,0.0275,4355.82,0.023,4355.32,0.1603,4355.84,0.0937,4355.31,0.36,4355.91,0.016,4355.17,1.4455,4356.02,0.0066,4355.16,2.7074,4356.14,0.0286,4355.15,5.345,4356.15,0.9522,4355.13,0.6813,4356.16,0.2858,4355.12,2.2961,4356.17,0.023,4354.92,0.6889,4356.18,0.0357,4354.91,2.2963,4356.23,0.032,4354.82,0.2454,4356.3,0.334,4354.8,0.5047,4356.31,0.7168
1756903697.6022172,19234806583,1756903697454,4355.66,10.5844,4355.67,0.004,4355.63,0.36,4355.7,0.1613,4355.62,1.5502,4355.71,0.043,4355.56,0.11,4355.74,0.0498,4355.53,0.0275,4355.75,0.008,4355.5,0.5237,4355.77,0.023,4355.49,1.7395,4355.8,0.038,4355.45,0.002,4355.81,0.0059,4355.41,0.004,4355.82,0.023,4355.33,0.008,4355.84,0.0937,4355.32,0.1603,4355.91,0.016,4355.31,0.36,4356.01,0.6083,4355.17,1.4615,4356.02,0.0066,4355.16,2.7074,4356.13,0.95,4355.15,5.345,4356.14,0.3319,4355.13,0.6813,4356.17,0.023,4355.12,2.2961,4356.18,0.0357,4355.01,0.1148,4356.23,0.032,4355.0,0.0552,4356.3,0.334,4354.92,0.6889,4356.31,0.7168
1756903697.7032297,19234806616,1756903697555,4355.66,11.0714,4355.67,0.004,4355.63,0.36,4355.7,0.1613,4355.62,1.5502,4355.71,0.043,4355.56,0.11,4355.74,0.0498,4355.53,0.0275,4355.75,0.008,4355.5,0.5237,4355.77,0.023,4355.49,1.7252,4355.8,0.038,4355.45,0.002,4355.81,0.0059,4355.41,0.004,4355.82,0.023,4355.33,0.008,4355.84,0.0937,4355.32,0.1603,4355.91,0.016,4355.31,0.36,4356.0,0.0286,4355.17,1.4615,4356.01,0.6083,4355.16,2.7074,4356.02,0.0066,4355.15,5.345,4356.13,0.95,4355.13,0.6813,4356.17,0.023,4355.12,2.2961,4356.18,0.0357,4355.01,0.1148,4356.23,0.032,4355.0,0.0552,4356.3,0.334,4354.97,0.0164,4356.31,0.7168
1756903697.805173,19234806638,1756903697656,4355.66,11.2113,4355.67,0.0269,4355.63,0.36,4355.7,0.1613,4355.62,1.5502,4355.71,0.043,4355.56,0.11,4355.74,0.0498,4355.53,0.0275,4355.75,0.008,4355.5,0.5237,4355.77,0.023,4355.49,1.5853,4355.8,0.038,4355.45,0.002,4355.81,0.0059,4355.44,0.6813,4355.82,0.023,4355.41,0.004,4355.84,0.0937,4355.33,0.008,4355.91,0.016,4355.32,0.1603,4355.97,0.4514,4355.31,0.36,4356.0,0.0286,4355.17,1.4615,4356.01,0.6083,4355.16,1.8552,4356.02,0.0066,4355.15,5.345,4356.13,0.95,4355.13,0.6813,4356.17,0.023,4355.12,2.2961,4356.18,0.0357,4355.01,0.1148,4356.23,0.032,4355.0,0.0552,4356.3,0.334
1756903697.9080443,19234806682,1756903697759,4355.66,11.2113,4355.67,0.0269,4355.63,0.36,4355.7,0.1613,4355.62,1.5502,4355.71,0.011,4355.56,0.11,4355.74,0.0498,4355.53,0.0275,4355.75,0.008,4355.5,0.5237,4355.77,0.023,4355.49,1.5853,4355.8,0.038,4355.45,0.002,4355.81,0.0059,4355.44,0.6813,4355.82,0.023,4355.41,0.004,4355.84,0.0937,4355.33,0.008,4355.91,0.016,4355.32,0.1603,4355.97,0.4514,4355.31,0.36,4356.0,0.0286,4355.17,1.4615,4356.02,0.0066,4355.16,1.8552,4356.13,0.95,4355.15,5.345,4356.17,0.023,4355.13,0.6813,4356.18,0.0357,4355.12,2.2961,4356.23,0.032,4355.01,0.1148,4356.3,0.334,4355.0,0.0552,4356.31,0.7168
1756903698.019488,19234806687,1756903697866,4355.66,11.2113,4355.67,0.0269,4355.63,0.36,4355.7,0.1613,4355.62,1.5502,4355.71,0.011,4355.56,0.11,4355.74,0.0498,4355.53,0.0275,4355.75,0.008,4355.5,0.5237,4355.77,0.023,4355.49,1.5853,4355.8,0.038,4355.45,0.002,4355.81,0.0059,4355.44,0.6813,4355.82,0.023,4355.41,0.004,4355.84,0.0937,4355.33,0.008,4355.91,0.016,4355.32,0.1603,4355.96,0.6108,4355.31,0.36,4355.97,0.4514,4355.17,1.4615,4356.0,0.0286,4355.16,1.8552,4356.02,0.0066,4355.15,5.345,4356.13,0.95,4355.13,0.6813,4356.17,0.023,4355.12,2.2961,4356.18,0.0357,4355.01,0.1148,4356.23,0.032,4355.0,0.0552,4356.3,0.334
1756903698.1316204,19234806690,1756903697982,4355.66,11.2113,4355.67,0.0269,4355.63,0.36,4355.7,0.1613,4355.62,1.5502,4355.71,0.011,4355.56,0.11,4355.74,0.0498,4355.53,0.0275,4355.75,0.008,4355.5,0.5237,4355.77,0.023,4355.49,1.5853,4355.8,0.038,4355.45,0.002,4355.81,0.0059,4355.44,0.6813,4355.82,0.023,4355.41,0.004,4355.84,0.0937,4355.33,0.008,4355.91,0.016,4355.32,0.1603,4355.96,0.6108,4355.31,0.36,4355.97,0.4514,4355.17,1.4615,4356.0,0.0286,4355.16,1.8552,4356.02,0.0066,4355.15,5.345,4356.13,0.95,4355.13,0.6813,4356.17,0.023,4355.12,2.2961,4356.18,0.0357,4355.01,0.1148,4356.23,0.032,4355.0,0.0552,4356.29,0.7168
1756903698.2389853,19234806790,1756903698093,4355.69,4.1439,4355.7,0.1842,4355.66,7.3798,4355.71,0.013,4355.63,0.36,4355.74,0.0498,4355.55,0.11,4355.75,0.004,4355.53,0.0275,4355.77,0.023,4355.5,0.5237,4355.8,0.038,4355.49,1.5853,4355.81,0.0059,4355.45,0.002,4355.82,0.023,4355.44,0.6813,4355.83,0.008,4355.41,0.004,4355.84,0.0937,4355.33,0.008,4355.91,0.016,4355.32,0.1603,4356.0,0.0286,4355.17,1.4615,4356.02,0.0066,4355.16,2.7447,4356.04,0.5577,4355.15,5.345,4356.13,0.95,4355.13,0.6813,4356.17,0.023,4355.12,2.2961,4356.18,0.0357,4355.01,0.1148,4356.23,0.032,4355.0,0.0552,4356.28,0.5723,4354.97,0.0164,4356.29,0.7168
1756903698.3484616,19234806923,1756903698198,4355.76,4.7349,4355.77,0.188,4355.7,2.8473,4355.8,0.038,4355.69,1.7325,4355.81,0.0059,4355.66,5.2288,4355.82,0.023,4355.63,0.36,4355.83,0.008,4355.53,0.1375,4355.84,0.0937,4355.5,0.5237,4355.91,0.016,4355.49,1.5853,4355.99,0.016,4355.45,0.002,4356.0,0.0286,4355.44,0.6813,4356.02,0.0066,4355.41,0.004,4356.03,0.4867,4355.33,0.1651,4356.11,0.4594,4355.17,1.4615,4356.17,0.023,4355.16,2.7447,4356.18,0.0357,4355.15,5.345,4356.23,0.032,4355.13,0.6813,4356.28,0.3613,4355.12,2.2961,4356.29,0.7168,4355.01,0.1148,4356.31,0.032,4355.0,0.0552,4356.39,0.0997,4354.97,0.0164,4356.43,0.0127
1756903698.455253,19234806943,1756903698303,4355.76,3.4797,4355.77,0.6392,4355.7,1.8763,4355.8,0.038,4355.69,1.6185,4355.81,0.0059,4355.66,5.2288,4355.82,0.023,4355.63,0.36,4355.83,0.008,4355.56,0.002,4355.84,0.0937,4355.53,0.1375,4355.91,0.016,4355.52,0.004,4355.95,0.4802,4355.5,0.5237,4355.99,0.016,4355.49,1.5853,4356.0,0.0286,4355.45,0.002,4356.02,0.0066,4355.44,0.6893,4356.03,0.4867,4355.41,0.004,4356.17,0.8316,4355.33,0.1651,4356.18,0.0357,4355.17,1.4615,4356.23,0.032,4355.16,1.8552,4356.28,0.3613,4355.15,5.345,4356.29,0.7168,4355.13,0.6813,4356.31,0.032,4355.12,2.2961,4356.39,0.0997,4355.01,0.1148,4356.43,0.0127
1756903698.5597253,19234806957,1756903698404,4355.76,3.4797,4355.77,0.6392,4355.7,1.8763,4355.8,0.038,4355.69,1.6185,4355.81,0.0059,4355.66,5.2288,4355.82,0.023,4355.63,0.36,4355.83,0.008,4355.56,0.002,4355.84,0.0937,4355.53,0.1375,4355.91,0.016,4355.52,0.004,4355.99,0.016,4355.5,0.5237,4356.0,0.0286,4355.49,1.5763,4356.02,0.0066,4355.45,0.002,4356.03,0.4867,4355.44,0.6893,4356.17,0.8316,4355.41,0.004,4356.18,0.0357,4355.33,0.1651,4356.23,0.032,4355.28,0.016,4356.28,0.3613,4355.17,1.4615,4356.29,0.7168,4355.16,1.8552,4356.31,0.032,4355.15,5.345,4356.39,0.0997,4355.13,0.6813,4356.43,0.0127,4355.01,0.1148,4356.44,2.2993
1756903698.6516736,19234806973,1756903698504,4355.76,3.7297,4355.77,0.6392,4355.7,1.8763,4355.8,0.038,4355.69,1.6185,4355.81,0.0059,4355.66,5.2288,4355.82,0.023,4355.63,0.36,4355.83,0.008,4355.56,0.002,4355.84,0.0937,4355.53,0.1375,4355.91,0.016,4355.52,0.004,4355.97,0.5841,4355.5,0.5237,4355.99,0.016,4355.49,1.5763,4356.0,0.0286,4355.44,0.6893,4356.02,0.0066,4355.33,0.1571,4356.03,0.4867,4355.28,0.016,4356.17,0.8316,4355.2,2.2961,4356.18,0.0357,4355.17,1.4455,4356.23,0.032,4355.16,1.8552,4356.28,0.3613,4355.15,5.345,4356.29,0.7168,4355.13,0.6813,4356.31,0.032,4355.01,0.1148,4356.39,0.0997,4355.0,0.0552,4356.43,0.0127
1756903698.7595413,19234806993,1756903698610,4355.76,3.7297,4355.77,1.6684,4355.7,1.8763,4355.8,0.038,4355.69,1.6185,4355.81,0.0059,4355.66,5.2288,4355.82,0.023,4355.63,0.36,4355.83,0.008,4355.56,0.002,4355.84,0.0937,4355.53,0.11,4355.97,0.5841,4355.52,0.004,4355.99,0.016,4355.5,0.5237,4356.0,0.0286,4355.49,1.5763,4356.02,0.4021,4355.44,0.6893,4356.03,0.4867,4355.33,0.1571,4356.17,0.8316,4355.28,0.016,4356.28,0.3613,4355.2,2.2961,4356.29,0.7168,4355.17,1.4455,4356.31,0.032,4355.16,1.8552,4356.39,0.0997,4355.15,5.345,4356.43,0.0127,4355.13,0.6813,4356.44,2.2993,4355.01,0.1148,4356.47,5.0479,4355.0,0.3064,4356.48,15.5276
1756903698.884494,19234807006,1756903698734,4355.76,3.744,4355.77,1.6684,4355.7,1.8763,4355.8,0.038,4355.69,1.6042,4355.81,0.0059,4355.66,5.2288,4355.82,0.023,4355.63,0.3875,4355.83,0.008,4355.56,0.002,4355.84,0.0937,4355.53,0.11,4355.85,0.5875,4355.52,0.004,4355.97,0.5841,4355.5,0.5237,4355.99,0.016,4355.49,1.5763,4356.0,0.0286,4355.44,0.6893,4356.02,0.2561,4355.33,0.1571,4356.17,0.8316,4355.28,0.016,4356.28,0.3613,4355.2,2.2961,4356.29,0.7168,4355.17,1.4455,4356.31,0.032,4355.16,1.8552,4356.39,0.0997,4355.15,5.345,4356.43,0.0127,4355.13,0.6813,4356.44,2.2993,4355.01,0.1148,4356.47,5.0479,4355.0,0.3064,4356.48,15.5276
1756903699.0739236,19234807050,1756903698922,4355.76,3.744,4355.77,1.6684,4355.7,1.8763,4355.8,0.038,4355.69,1.6042,4355.81,0.0059,4355.66,5.2288,4355.82,0.023,4355.63,0.3875,4355.83,0.008,4355.56,0.002,4355.84,0.6504,4355.53,0.11,4355.97,0.5841,4355.52,0.004,4355.99,0.016,4355.5,0.5237,4356.0,0.0286,4355.49,1.5763,4356.02,0.2561,4355.44,0.6893,4356.17,0.8316,4355.33,0.1571,4356.28,0.3613,4355.28,0.016,4356.29,0.7168,4355.2,2.2961,4356.31,0.032,4355.17,1.4455,4356.39,0.0997,4355.16,1.8552,4356.43,0.0127,4355.15,5.345,4356.44,2.2993,4355.13,0.6813,4356.47,5.0479,4355.01,0.1148,4356.48,15.5276,4355.0,0.3064,4356.53,0.0119
1756903699.1741245,19234807055,1756903699026,4355.76,3.731,4355.77,1.6684,4355.7,1.8763,4355.8,0.038,4355.69,1.6042,4355.81,0.0059,4355.66,5.2288,4355.82,0.023,4355.63,0.3875,4355.83,0.008,4355.56,0.002,4355.84,0.6504,4355.53,0.11,4355.97,0.5841,4355.52,0.004,4355.99,0.016,4355.5,0.5237,4356.0,0.0286,4355.49,1.5763,4356.02,0.2561,4355.44,0.6893,4356.17,0.8316,4355.33,0.1571,4356.28,0.3613,4355.28,0.016,4356.29,0.7168,4355.2,2.2961,4356.31,0.032,4355.17,1.4455,4356.39,0.0997,4355.16,1.8552,4356.43,0.0127,4355.15,5.345,4356.44,2.2993,4355.13,0.6813,4356.47,5.0479,4355.01,0.1148,4356.48,15.5276,4355.0,0.3064,4356.53,0.0119
1756903699.279971,19234807102,1756903699128,4355.76,3.4829,4355.77,1.6734,4355.7,1.8763,4355.8,0.038,4355.69,1.6042,4355.81,0.0079,4355.66,5.2288,4355.82,0.023,4355.63,0.3875,4355.83,0.008,4355.56,0.002,4355.84,0.0937,4355.53,0.11,4355.85,0.004,4355.52,0.004,4355.93,0.008,4355.5,0.5237,4355.97,0.5841,4355.49,1.5763,4355.99,0.016,4355.44,0.6893,4356.0,0.0286,4355.33,0.1571,4356.02,0.2561,4355.28,0.016,4356.17,0.8316,4355.2,2.2961,4356.28,0.3613,4355.17,1.4455,4356.31,0.032,4355.16,1.8552,4356.39,0.034,4355.15,5.345,4356.43,0.7295,4355.13,0.6813,4356.44,2.2993,4355.01,0.1148,4356.47,5.0479,4355.0,0.3064,4356.48,15.5276
1756903699.3864563,19234807136,1756903699231,4355.76,4.4546,4355.77,1.6734,4355.7,1.8763,4355.8,0.038,4355.69,1.6042,4355.81,0.0079,4355.66,5.2308,4355.82,0.023,4355.63,0.3875,4355.83,0.008,4355.56,0.002,4355.84,0.0937,4355.54,0.11,4355.85,0.004,4355.52,0.004,4355.86,0.0286,4355.5,0.5237,4355.93,0.008,4355.49,1.5763,4355.97,0.5841,4355.44,0.6893,4355.99,0.016,4355.33,0.1571,4356.02,0.0066,4355.28,0.016,4356.09,0.016,4355.2,2.2961,4356.17,0.8316,4355.17,1.4455,4356.28,0.3613,4355.16,1.8552,4356.31,0.032,4355.15,5.345,4356.41,0.032,4355.13,0.6813,4356.43,0.7437,4355.01,0.1148,4356.44,2.2993,4355.0,0.3064,4356.47,5.0479
1756903739.7353046,19234821505,1756903739588,4353.8,3.878,4353.81,3.4704,4353.58,0.002,4353.83,0.0287,4353.54,0.004,4353.84,0.1716,4353.46,0.008,4353.85,0.5599,4353.3,1.013,4353.89,0.004,4353.24,0.1611,4353.92,0.1588,4353.21,0.023,4353.97,0.008,4353.17,0.0036,4354.0,0.1399,4353.16,2.46,4354.13,0.016,4353.08,1.9655,4354.18,0.281,4353.07,1.4455,4354.19,0.7776,4353.05,7.3451,4354.24,0.8609,4353.04,0.11,4354.25,0.3,4353.02,0.0202,4354.3,2.2966,4353.01,0.0015,4354.44,0.3,4353.0,3.7076,4354.45,0.055,4352.98,0.032,4354.47,0.023,4352.96,0.5537,4354.49,0.7204,4352.94,0.6813,4354.5,1.4275,4352.9,0.0275,4354.51,2.2965
1756903739.8387415,19234821520,1756903739689,4353.8,3.878,4353.81,3.4704,4353.58,0.002,4353.83,0.0287,4353.54,0.004,4353.84,0.1716,4353.46,0.008,4353.85,0.5599,4353.32,0.8982,4353.89,0.004,4353.3,1.013,4353.92,0.1588,4353.25,0.1606,4353.97,0.008,4353.21,0.023,4354.0,0.1399,4353.17,0.0036,4354.13,0.016,4353.16,0.023,4354.18,0.281,4353.08,1.9655,4354.19,0.7776,4353.07,1.4455,4354.24,0.8609,4353.05,7.3451,4354.25,0.3,4353.04,5.452,4354.3,2.2966,4353.01,0.0015,4354.44,0.3,4353.0,3.7076,4354.45,0.055,4352.98,0.032,4354.47,0.023,4352.96,0.5537,4354.49,0.7204,4352.94,0.6813,4354.5,1.4275,4352.9,0.0275,4354.51,2.2965
1756903739.941705,19234821577,1756903739796,4353.8,2.77,4353.81,3.4704,4353.58,0.002,4353.83,0.0287,4353.54,0.004,4353.84,0.1716,4353.46,0.008,4353.85,0.5599,4353.36,0.7642,4353.89,0.004,4353.35,0.5703,4353.92,0.1588,4353.34,0.9372,4353.97,0.008,4353.3,0.016,4354.0,0.1399,4353.25,0.1606,4354.13,0.016,4353.21,0.023,4354.18,0.281,4353.17,0.0036,4354.19,0.7776,4353.16,0.023,4354.24,0.8609,4353.08,3.3164,4354.25,0.3,4353.07,1.4455,4354.3,2.2966,4353.05,7.3451,4354.44,0.3,4353.04,5.452,4354.45,0.055,4353.01,0.0015,4354.47,0.023,4353.0,3.7076,4354.49,0.7204,4352.98,0.032,4354.5,1.4275,4352.96,0.5537,4354.51,2.2965
1756903740.0542965,19234821599,1756903739904,4353.8,2.7608,4353.81,3.7796,4353.58,0.002,4353.83,0.0287,4353.54,0.004,4353.84,0.2612,4353.46,0.008,4353.85,0.5599,4353.4,0.8175,4353.89,0.004,4353.39,0.4865,4353.92,0.1588,4353.38,0.8574,4353.97,0.008,4353.3,0.016,4354.0,0.1399,4353.25,0.1606,4354.13,0.016,4353.21,0.023,4354.18,0.281,4353.17,0.0036,4354.19,0.7776,4353.16,0.023,4354.24,0.8609,4353.08,3.3164,4354.25,0.3,4353.07,1.4455,4354.3,2.2966,4353.05,7.3451,4354.45,0.055,4353.04,5.452,4354.47,0.023,4353.01,0.0015,4354.49,0.7204,4353.0,3.7076,4354.5,1.4275,4352.98,0.032,4354.51,2.2965,4352.96,0.5537,4354.54,0.11
1756903740.1690922,19234821606,1756903740019,4353.8,2.7608,4353.81,3.7796,4353.58,0.002,4353.83,0.0287,4353.54,0.004,4353.84,0.2612,4353.46,0.008,4353.85,0.5599,4353.42,0.7776,4353.89,0.004,4353.41,0.5025,4353.92,0.1588,4353.4,0.8175,4353.97,0.008,4353.3,0.016,4354.0,0.1399,4353.25,0.1606,4354.13,0.016,4353.21,0.023,4354.18,0.281,4353.17,0.0036,4354.19,0.7776,4353.16,0.023,4354.24,0.8609,4353.08,3.3164,4354.25,0.3,4353.07,1.4455,4354.3,2.2966,4353.05,7.3451,4354.45,0.055,4353.04,5.452,4354.47,0.023,4353.01,0.0015,4354.49,0.7204,4353.0,3.7076,4354.5,1.4275,4352.98,0.032,4354.51,2.2965,4352.96,0.5537,4354.54,0.11
1756903740.277576,19234821658,1756903740126,4353.8,3.8763,4353.81,4.0842,4353.58,0.002,4353.83,0.0287,4353.54,0.004,4353.84,0.2612,4353.46,0.008,4353.85,0.5599,4353.3,1.013,4353.89,0.004,4353.25,0.1606,4353.92,0.1588,4353.21,0.023,4353.97,0.008,4353.17,0.0036,4354.0,0.1399,4353.16,0.023,4354.13,0.016,4353.09,0.7976,4354.18,0.281,4353.08,3.3164,4354.19,0.7776,4353.07,1.4455,4354.24,0.8609,4353.05,7.3451,4354.25,0.3,4353.04,5.452,4354.3,2.2966,4353.01,0.0015,4354.45,0.055,4353.0,3.7076,4354.47,0.023,4352.98,0.032,4354.49,0.7204,4352.96,0.5537,4354.5,1.4275,4352.94,0.6813,4354.51,2.2965,4352.9,0.0275,4354.54,0.11
1756903740.4216104,19234821687,1756903740273,4353.8,2.6779,4353.81,4.0842,4353.58,0.002,4353.83,0.0287,4353.54,0.004,4353.84,0.2612,4353.46,0.008,4353.85,0.5599,4353.33,0.6532,4353.89,0.004,4353.32,0.977,4353.92,0.1588,4353.3,1.013,4353.97,0.008,4353.26,0.1628,4354.0,0.1399,4353.21,0.023,4354.13,0.016,4353.17,0.0036,4354.18,0.281,4353.16,0.023,4354.19,0.7776,4353.08,3.3164,4354.24,0.8609,4353.07,1.4455,4354.25,0.3,4353.05,7.3451,4354.29,0.8175,4353.04,5.452,4354.3,2.2966,4353.01,0.0015,4354.45,0.055,4353.0,3.7076,4354.47,0.023,4352.98,0.032,4354.49,0.7204,4352.96,0.5537,4354.5,1.4275,4352.94,0.6813,4354.51,2.2965
1756903740.570352,19234821714,1756903740416,4353.8,2.7008,4353.81,4.0842,4353.58,0.002,4353.83,0.0287,4353.54,0.004,4353.84,0.2612,4353.46,0.008,4353.85,0.5599,4353.37,0.2692,4353.89,0.004,4353.36,0.8973,4353.92,0.1588,4353.34,0.9408,4353.97,0.008,4353.3,0.016,4354.0,0.1399,4353.26,0.1628,4354.13,0.016,4353.16,0.023,4354.18,0.281,4353.08,3.3164,4354.19,0.7776,4353.07,1.4455,4354.24,0.8609,4353.05,7.3681,4354.25,0.3,4353.04,5.452,4354.26,0.023,4353.01,0.0015,4354.29,0.8175,4353.0,3.7076,4354.3,2.2966,4352.98,0.032,4354.34,0.6813,4352.96,0.5537,4354.45,0.032,4352.94,0.6813,4354.47,0.023,4352.9,0.0275,4354.49,0.7204
1756903740.6843045,19234821732,1756903740535,4353.8,2.7008,4353.81,4.0842,4353.58,0.002,4353.83,0.0287,4353.54,0.004,4353.84,0.2612,4353.46,0.008,4353.85,0.5599,4353.4,0.8175,4353.89,0.004,4353.39,0.5264,4353.92,0.1588,4353.38,0.8574,4353.97,0.008,4353.34,0.0036,4354.0,0.1399,4353.3,0.016,4354.13,0.016,4353.26,0.1628,4354.18,0.281,4353.16,0.023,4354.19,0.7776,4353.08,3.3164,4354.24,0.8609,4353.07,1.4455,4354.25,0.3,4353.05,7.3681,4354.26,0.023,4353.04,0.11,4354.29,0.8175,4353.01,0.0015,4354.3,2.2966,4353.0,3.7076,4354.34,0.6813,4352.98,0.032,4354.45,0.032,4352.96,0.5537,4354.47,0.023,4352.94,0.6813,4354.49,0.7204
1756903740.7859147,19234821756,1756903740637,4353.8,3.8429,4353.81,4.0976,4353.58,0.002,4353.83,0.0287,4353.54,0.004,4353.85,0.5599,4353.46,0.008,4353.89,0.004,4353.43,0.4785,4353.92,0.1588,4353.42,0.7776,4353.97,0.008,4353.4,0.8175,4354.0,0.1399,4353.34,0.0036,4354.13,0.016,4353.3,0.016,4354.18,0.281,4353.26,0.1628,4354.19,0.7776,4353.16,0.023,4354.24,0.8609,4353.09,5.341,4354.25,0.3,4353.08,1.9655,4354.26,0.023,4353.07,1.4455,4354.29,0.8175,4353.05,7.3681,4354.3,2.2966,4353.04,0.11,4354.34,0.6813,4353.01,0.0015,4354.45,0.032,4353.0,3.7076,4354.47,0.023,4352.98,0.032,4354.49,0.7204,4352.96,0.5537,4354.5,0.8052
1756903740.8893344,19234821785,1756903740739,4353.8,3.7631,4353.81,4.0976,4353.58,0.002,4353.84,0.2898,4353.54,0.004,4353.85,0.5599,4353.46,0.008,4353.89,0.004,4353.43,0.2333,4353.92,0.1588,4353.42,0.7776,4353.97,0.008,4353.34,0.0036,4354.0,0.1399,4353.3,0.016,4354.13,0.016,4353.26,0.1628,4354.18,0.281,4353.16,0.023,4354.19,0.7776,4353.1,3.5618,4354.24,0.8609,4353.09,5.341,4354.25,0.3,4353.07,1.4455,4354.26,0.023,4353.05,7.3681,4354.29,0.8175,4353.04,0.11,4354.3,2.2966,4353.01,0.0015,4354.34,0.6813,4353.0,3.7076,4354.45,0.032,4352.98,0.032,4354.47,0.023,4352.96,0.5537,4354.49,0.7204,4352.94,0.6813,4354.5,0.8052
1756903740.995484,19234821844,1756903740843,4353.8,2.448,4353.81,4.0976,4353.58,0.002,4353.84,0.2898,4353.54,0.004,4353.85,0.5599,4353.46,0.008,4353.89,0.004,4353.43,0.2333,4353.92,0.1588,4353.42,0.7776,4353.97,0.008,4353.34,0.0036,4354.0,0.1399,4353.3,0.016,4354.13,0.016,4353.26,0.1628,4354.17,0.5841,4353.16,0.023,4354.18,0.281,4353.11,0.7976,4354.19,0.7776,4353.1,1.9595,4354.24,0.8609,4353.07,1.4455,4354.26,0.023,4353.05,7.3681,4354.29,0.8175,4353.04,0.11,4354.3,2.2966,4353.01,0.0015,4354.34,0.6813,4353.0,3.7076,4354.45,0.032,4352.98,0.032,4354.47,0.023,4352.96,0.5537,4354.5,0.8052,4352.94,0.6813,4354.51,2.2965
1756903741.0933056,19234821888,1756903740944,4353.8,0.6421,4353.81,4.2375,4353.58,0.002,4353.84,0.2898,4353.54,0.004,4353.85,0.5599,4353.46,0.008,4353.89,0.004,4353.3,0.016,4353.92,0.1588,4353.27,0.1651,4353.97,0.008,4353.16,0.023,4354.13,0.016,4353.15,0.7976,4354.17,0.5841,4353.14,5.14,4354.18,0.8871,4353.12,0.0036,4354.19,0.7776,4353.05,5.0709,4354.21,2.2966,4353.04,0.11,4354.24,0.4416,4353.01,0.0015,4354.26,0.023,4353.0,3.7076,4354.29,0.8175,4352.98,0.032,4354.34,0.6813,4352.96,0.5537,4354.45,0.032,4352.94,0.6813,4354.47,0.023,4352.9,0.0275,4354.5,0.8052,4352.89,0.0202,4354.51,2.2965,4352.85,0.3518,4354.55,0.0957
1756903741.1952875,19234821912,1756903741044,4353.8,0.7461,4353.81,4.4829,4353.58,0.002,4353.84,0.2612,4353.54,0.004,4353.85,0.5599,4353.46,0.008,4353.89,0.004,4353.3,0.016,4353.93,0.1651,4353.27,0.1651,4353.97,0.008,4353.17,0.2462,4354.13,0.016,4353.16,0.023,4354.17,0.5841,4353.15,0.7976,4354.18,0.8871,4353.12,0.0036,4354.19,0.7776,4353.07,5.341,4354.21,2.2966,4353.06,3.0471,4354.24,1.0999,4353.05,5.0709,4354.26,0.023,4353.04,0.11,4354.29,0.8175,4353.01,0.0015,4354.34,0.6813,4353.0,3.7076,4354.42,2.2965,4352.98,0.032,4354.45,0.032,4352.96,0.5537,4354.47,0.023,4352.94,0.6813,4354.5,0.0078,4352.9,0.0275,4354.55,0.0957
1756903741.3037436,19234822015,1756903741144,4353.8,0.0071,4353.81,4.4829,4353.58,0.6383,4353.84,0.2612,4353.54,0.004,4353.85,0.002,4353.46,0.008,4353.89,0.004,4353.3,0.016,4353.93,0.1651,4353.16,0.023,4353.97,0.008,4353.12,0.0036,4353.99,0.6813,4353.06,3.0471,4354.13,0.016,4353.05,0.023,4354.16,1.4455,4353.04,0.11,4354.17,0.5841,4353.01,0.0015,4354.18,0.281,4353.0,3.7076,4354.19,0.7776,4352.98,0.032,4354.26,0.023,4352.96,0.7183,4354.28,0.4592,4352.9,0.0275,4354.29,0.8175,4352.89,0.0202,4354.34,0.6813,4352.85,0.3518,4354.45,0.032,4352.66,0.011,4354.47,0.023,4352.65,0.023,4354.5,0.0078,4352.46,0.5757,4354.55,0.0957
1756903741.3948128,19234822260,1756903741245,4353.46,0.008,4353.47,5.493,4353.3,0.016,4353.51,0.5355,4353.16,0.023,4353.55,0.4861,4353.12,0.0036,4353.58,2.4481,4353.05,0.023,4353.6,2.1308,4353.01,0.8732,4353.63,5.0479,4353.0,3.7076,4353.66,0.1399,4352.98,0.032,4353.8,0.419,4352.96,0.5537,4353.81,0.3445,4352.9,0.0275,4353.85,0.002,4352.89,0.0202,4353.89,0.004,4352.86,0.1542,4353.92,0.11,4352.85,0.3518,4353.95,0.247,4352.81,0.1623,4353.97,0.008,4352.66,0.011,4353.99,0.6813,4352.65,0.023,4354.13,0.016,4352.46,0.5757,4354.14,0.9761,4352.43,0.6742,4354.15,0.7204,4352.37,0.3,4354.16,1.4455,4352.36,0.971,4354.18,0.2457
1756903741.4956238,19234822309,1756903741345,4353.46,0.215,4353.47,5.6471,4353.3,0.016,4353.51,0.5355,4353.16,0.023,4353.55,0.4861,4353.05,0.023,4353.58,2.4481,4353.01,0.0015,4353.6,2.1308,4353.0,3.7076,4353.63,5.7292,4352.98,0.032,4353.8,0.419,4352.96,0.5537,4353.81,0.3445,4352.9,0.0275,4353.85,0.002,4352.89,0.0202,4353.89,0.004,4352.86,0.1542,4353.91,0.11,4352.85,0.3518,4353.95,0.247,4352.81,0.1623,4353.97,0.008,4352.66,0.011,4353.99,0.6813,4352.65,0.023,4354.13,0.7946,4352.63,0.7896,4354.14,0.7235,4352.62,2.632,4354.15,0.7204,4352.47,0.5732,4354.16,1.4455,4352.46,0.5757,4354.18,0.2457,4352.37,0.3,4354.21,0.3324
1756903741.5954354,19234822337,1756903741446,4353.46,0.0931,4353.47,5.6471,4353.3,0.016,4353.51,0.5355,4353.16,0.023,4353.55,0.4861,4353.05,0.023,4353.58,2.4481,4353.01,0.4224,4353.6,2.1308,4353.0,3.7076,4353.63,5.7292,4352.98,0.032,4353.8,0.419,4352.96,0.5537,4353.81,0.3445,4352.9,0.0275,4353.85,0.002,4352.89,0.0202,4353.89,0.004,4352.86,0.1542,4353.91,0.11,4352.85,0.3518,4353.95,0.247,4352.81,0.1623,4353.97,0.008,4352.76,0.11,4353.99,0.6813,4352.66,0.011,4354.13,0.7946,4352.65,0.023,4354.14,0.7235,4352.63,0.7896,4354.15,0.7204,4352.62,2.632,4354.16,1.4455,4352.47,0.5732,4354.21,0.3324,4352.46,0.5757,4354.26,0.023
1756903741.6951313,19234822409,1756903741548,4353.3,0.215,4353.31,4.8354,4353.16,0.023,4353.32,0.1399,4353.05,0.023,4353.45,1.7455,4353.01,0.9545,4353.46,0.3283,4353.0,3.7076,4353.47,2.9957,4352.98,0.032,4353.51,0.5355,4352.96,0.5537,4353.58,2.4481,4352.9,0.0275,4353.6,0.6329,4352.89,0.0202,4353.63,5.7292,4352.86,0.1542,4353.8,1.0158,4352.85,0.3518,4353.81,0.3216,4352.82,0.165,4353.84,2.2968,4352.66,0.011,4353.85,0.002,4352.65,0.023,4353.89,0.004,4352.63,0.7896,4353.93,0.11,4352.62,2.632,4353.95,0.247,4352.47,0.5732,4353.97,0.008,4352.46,0.5757,4353.99,0.6813,4352.37,0.3,4354.05,2.2967,4352.36,0.971,4354.13,0.016
1756903741.7978039,19234822457,1756903741648,4353.3,0.6846,4353.31,4.8553,4353.16,0.023,4353.32,0.1399,4353.05,0.023,4353.45,1.1579,4353.02,0.7984,4353.46,0.3283,4353.01,0.953,4353.47,2.9758,4353.0,3.7076,4353.51,0.5355,4352.98,0.032,4353.58,1.8299,4352.96,0.5537,4353.6,0.6329,4352.9,0.0275,4353.63,5.0479,4352.89,0.0202,4353.8,1.0158,4352.86,0.1542,4353.81,0.3216,4352.85,0.3518,4353.84,2.2968,4352.82,0.165,4353.85,0.002,4352.66,0.011,4353.89,0.004,4352.65,0.023,4353.93,0.11,4352.63,0.7896,4353.95,0.247,4352.62,2.632,4353.97,0.008,4352.51,0.0034,4353.99,0.6813,4352.47,0.5732,4354.04,1.4433,4352.46,0.5757,4354.05,2.2967
1756903741.9208348,19234822521,1756903741773,4353.3,0.7075,4353.31,4.8553,4353.16,0.023,4353.32,0.1399,4353.05,0.023,4353.45,1.1579,4353.01,0.953,4353.46,0.3283,4353.0,3.7076,4353.47,2.4403,4352.98,0.032,4353.58,1.8299,4352.96,0.5537,4353.6,0.6329,4352.9,0.0275,4353.63,5.0479,4352.89,0.0202,4353.8,1.0158,4352.82,0.165,4353.81,0.3216,4352.78,0.11,4353.83,0.8184,4352.66,0.011,4353.84,2.2968,4352.65,0.023,4353.85,0.002,4352.63,0.7896,4353.89,0.004,4352.62,2.632,4353.93,0.11,4352.51,0.0034,4353.95,0.247,4352.47,0.5732,4353.97,0.008,4352.46,0.5757,4353.99,0.6813,4352.37,0.3,4354.04,1.4433,4352.36,0.971,4354.05,2.3054
1756903742.0244436,19234822541,1756903741874,4353.3,0.1339,4353.31,4.8553,4353.16,0.023,4353.32,0.1399,4353.05,0.023,4353.45,0.8306,4353.01,0.953,4353.46,0.3283,4353.0,3.7076,4353.47,2.4261,4352.98,0.032,4353.58,1.8299,4352.96,0.5537,4353.6,0.6329,4352.9,0.0275,4353.63,5.0479,4352.89,0.0202,4353.8,1.0158,4352.82,0.165,4353.81,0.3216,4352.78,0.11,4353.83,0.8184,4352.66,0.011,4353.84,2.2968,4352.65,0.023,4353.85,0.002,4352.63,0.7896,4353.89,0.004,4352.62,2.632,4353.93,0.11,4352.51,0.0034,4353.95,0.247,4352.47,0.5732,4353.97,0.2534,4352.46,0.5757,4353.99,0.6813,4352.37,0.3,4354.04,1.4433,4352.36,0.971,4354.05,2.3054
1756903742.1415243,19234822558,1756903741989,4353.3,0.111,4353.31,5.1741,4353.16,0.023,4353.32,0.1399,4353.05,0.023,4353.45,0.8306,4353.01,0.953,4353.46,0.3283,4353.0,3.7076,4353.47,2.4261,4352.98,0.032,4353.58,1.8299,4352.96,0.5537,4353.6,0.6329,4352.9,0.0275,4353.63,5.0479,4352.89,0.0202,4353.8,1.0158,4352.82,0.165,4353.81,0.3216,4352.76,0.11,4353.83,0.8184,4352.66,0.011,4353.84,2.2968,4352.65,0.023,4353.85,0.002,4352.63,0.7896,4353.89,0.004,4352.62,2.632,4353.92,0.11,4352.51,0.0034,4353.95,0.247,4352.47,0.5732,4353.97,0.008,4352.46,0.5757,4353.99,0.6813,4352.37,0.3,4354.04,1.4433,4352.36,0.971,4354.05,2.3054
1756903742.2425578,19234822605,1756903742092,4353.3,0.1339,4353.31,5.5923,4353.16,0.023,4353.32,0.1399,4353.05,0.023,4353.45,0.8306,4353.01,0.953,4353.46,0.3283,4353.0,3.7076,4353.47,2.4261,4352.98,0.032,4353.53,0.002,4352.96,0.5537,4353.57,0.004,4352.9,0.0275,4353.58,1.8299,4352.89,0.0202,4353.6,0.6329,4352.82,0.165,4353.63,5.0479,4352.76,0.11,4353.65,0.008,4352.66,0.011,4353.8,1.0158,4352.65,0.023,4353.81,0.3216,4352.51,0.0034,4353.83,0.8184,4352.47,0.5732,4353.84,2.2968,4352.46,0.5757,4353.85,0.002,4352.37,0.3,4353.89,0.004,4352.36,0.971,4353.92,0.11,4352.34,0.064,4353.95,0.247,4352.24,0.3533,4353.97,0.008
1756903742.341643,19234822742,1756903742192,4353.0,4.7185,4353.01,6.1785,4352.98,0.032,4353.17,0.4329,4352.97,0.2618,4353.25,0.1575,4352.96,0.5537,4353.3,0.4173,4352.9,0.0275,4353.31,1.251,4352.89,0.0202,4353.32,0.1399,4352.76,0.11,4353.46,0.5936,4352.66,0.011,4353.47,1.7274,4352.65,0.023,4353.53,0.002,4352.61,0.1638,4353.57,0.004,4352.51,0.0034,4353.58,1.8299,4352.47,0.5732,4353.6,0.6329,4352.46,0.5757,4353.63,5.0479,4352.37,0.3,4353.65,0.008,4352.36,0.971,4353.8,0.3048,4352.34,0.064,4353.81,0.3206,4352.25,0.0036,4353.85,0.002,4352.24,0.3533,4353.89,0.004,4352.21,0.2597,4353.96,0.3514,4352.2,0.6813,4353.97,0.008
1756903742.4428196,19234822775,1756903742292,4353.0,4.6975,4353.01,6.1785,4352.98,0.032,4353.17,0.4329,4352.97,0.2618,4353.25,0.1575,4352.96,0.5537,4353.3,0.4173,4352.9,0.0275,4353.31,1.251,4352.89,0.0202,4353.32,0.1399,4352.76,0.11,4353.46,0.1765,4352.66,0.011,4353.47,1.7274,4352.65,0.023,4353.53,0.002,4352.63,0.5233,4353.57,0.004,4352.62,0.7786,4353.58,1.8299,4352.61,0.1638,4353.6,0.6329,4352.51,0.0034,4353.63,5.0479,4352.48,0.7985,4353.65,0.008,4352.47,1.1908,4353.71,2.2969,4352.46,0.5757,4353.8,0.4787,4352.38,1.4455,4353.81,0.3206,4352.37,0.3,4353.85,0.002,4352.36,0.971,4353.89,0.004,4352.35,2.2976,4353.95,2.2968
1756903742.5449588,19234822797,1756903742397,4353.0,4.6975,4353.01,6.1785,4352.98,0.016,4353.17,0.4329,4352.97,0.2618,4353.25,0.1575,4352.96,0.5537,4353.3,0.4173,4352.9,0.0275,4353.31,1.251,4352.89,0.0202,4353.32,0.1399,4352.76,0.11,4353.46,0.1765,4352.66,0.043,4353.47,1.7274,4352.65,0.023,4353.53,0.002,4352.63,0.5233,4353.57,0.004,4352.62,0.7786,4353.58,1.8299,4352.61,0.1638,4353.6,0.6329,4352.55,0.023,4353.63,5.0479,4352.51,0.0034,4353.65,0.008,4352.48,0.7985,4353.71,2.2969,4352.47,2.8346,4353.8,1.0724,4352.46,0.5757,4353.81,0.3436,4352.38,1.4455,4353.85,0.002,4352.37,0.3,4353.86,0.023,4352.36,0.971,4353.89,0.004
1756903742.6533968,19234822809,1756903742501,4353.0,4.6975,4353.01,6.1785,4352.98,0.016,4353.17,0.4329,4352.97,0.2618,4353.25,0.1575,4352.96,0.5537,4353.3,0.4173,4352.9,0.0275,4353.31,1.2368,4352.89,0.0202,4353.32,0.1399,4352.76,0.11,4353.46,0.1765,4352.66,0.043,4353.47,1.7274,4352.65,0.023,4353.53,0.002,4352.63,0.5233,4353.57,0.004,4352.62,0.7786,4353.58,1.8299,4352.61,0.1638,4353.6,0.6329,4352.55,0.023,4353.63,5.0479,4352.51,0.0034,4353.65,0.008,4352.48,0.7985,4353.71,2.2969,4352.47,2.8346,4353.8,1.0724,4352.46,0.5757,4353.81,0.3436,4352.38,1.4455,4353.86,0.023,4352.37,0.3,4353.95,2.2968,4352.36,0.971,4353.96,0.3514
1756903742.7651122,19234822827,1756903742616,4353.0,4.7204,4353.01,5.3862,4352.98,0.016,4353.17,0.4329,4352.97,0.2618,4353.25,0.1575,4352.96,0.5537,4353.31,1.2368,4352.9,0.0275,4353.32,0.1399,4352.89,0.0202,4353.46,0.4497,4352.76,0.11,4353.47,1.7274,4352.66,0.043,4353.53,0.002,4352.65,0.023,4353.57,0.004,4352.63,0.5233,4353.58,1.8299,4352.62,0.7786,4353.6,0.6329,4352.61,0.1638,4353.63,5.0479,4352.55,0.023,4353.65,0.008,4352.51,0.0034,4353.71,2.2969,4352.48,0.7985,4353.8,1.0724,4352.47,2.8346,4353.81,0.3436,4352.46,0.5757,4353.83,0.0078,4352.38,1.4455,4353.86,0.023,4352.37,0.3,4353.95,2.2968,4352.36,0.971,4353.96,0.3514
1756903742.899078,19234822840,1756903742739,4353.0,6.4193,4353.01,4.2677,4352.98,0.016,4353.15,0.0287,4352.97,0.2618,4353.16,0.2468,4352.96,0.5537,4353.17,0.4329,4352.9,0.0275,4353.25,0.1575,4352.89,0.0202,4353.31,1.2368,4352.76,0.11,4353.45,0.3584,4352.66,0.043,4353.46,0.4497,4352.65,0.023,4353.47,1.7274,4352.64,0.6813,4353.51,0.1399,4352.63,0.5233,4353.53,0.002,4352.62,0.7786,4353.57,0.004,4352.61,0.1638,4353.58,1.8299,4352.55,0.023,4353.6,0.6329,4352.51,0.0034,4353.63,5.0479,4352.48,0.7985,4353.65,0.008,4352.47,2.8346,4353.71,2.2969,4352.46,0.5757,4353.8,1.0724,4352.38,1.4455,4353.81,0.3436,4352.37,0.3,4353.83,0.0078
1756903743.0646467,19234822897,1756903742909,4353.0,6.4193,4353.01,4.2677,4352.98,0.016,4353.15,0.0287,4352.97,0.2618,4353.16,0.2468,4352.96,0.5537,4353.17,0.4329,4352.9,0.0275,4353.26,0.1602,4352.89,0.0202,4353.31,1.2368,4352.76,0.11,4353.45,0.3584,4352.66,0.043,4353.46,0.4497,4352.65,0.023,4353.47,1.7274,4352.64,0.6813,4353.51,0.1399,4352.63,0.5233,4353.53,0.002,4352.62,0.9388,4353.57,0.004,4352.55,0.023,4353.58,1.8299,4352.51,0.0034,4353.6,0.6329,4352.48,0.7985,4353.63,5.0479,4352.47,1.6769,4353.65,0.008,4352.46,0.5757,4353.71,2.2969,4352.38,1.4455,4353.8,1.0724,4352.37,0.3,4353.81,0.3436,4352.36,0.971,4353.83,0.0078
1756903743.1604857,19234822909,1756903743009,4353.0,5.3575,4353.01,4.2677,4352.98,0.016,4353.15,0.0287,4352.97,0.2618,4353.16,0.2468,4352.96,0.5537,4353.17,0.4329,4352.9,0.0275,4353.26,0.1602,4352.89,0.0202,4353.31,1.2368,4352.76,0.11,4353.37,0.002,4352.66,0.043,4353.45,0.3584,4352.65,0.2834,4353.46,0.4497,4352.64,0.6813,4353.47,1.7274,4352.62,0.1602,4353.51,0.1399,4352.55,0.023,4353.53,0.002,4352.51,0.0034,4353.57,0.004,4352.47,1.6769,4353.58,1.8299,4352.46,0.5757,4353.6,0.6329,4352.38,1.4455,4353.63,5.0479,4352.37,0.3,4353.65,0.008,4352.36,0.971,4353.71,2.2969,4352.35,2.2976,4353.8,1.0724,4352.25,0.0036,4353.81,0.3436
1756903743.275031,19234822956,1756903743120,4353.0,5.3492,4353.01,4.2677,4352.98,0.016,4353.15,0.0287,4352.97,0.2618,4353.16,0.2468,4352.96,0.5537,4353.17,0.4329,4352.91,0.4601,4353.26,0.1602,4352.9,0.0275,4353.31,1.2368,4352.89,0.0202,4353.37,0.002,4352.76,0.11,4353.41,0.004,4352.66,0.043,4353.45,0.3584,4352.65,0.2834,4353.46,0.4497,4352.64,0.6813,4353.47,1.7274,4352.62,0.1602,4353.49,0.008,4352.55,0.023,4353.51,0.1399,4352.51,0.0034,4353.53,0.002,4352.47,1.6769,4353.57,0.004,4352.46,0.5757,4353.58,1.8299,4352.38,1.4455,4353.6,0.6329,4352.37,0.3,4353.63,5.0479,4352.36,0.971,4353.65,0.016,4352.35,2.2976,4353.71,2.2969
1756903743.3709648,19234822967,1756903743221,4353.0,5.3822,4353.01,4.2677,4352.97,0.2618,4353.15,0.0287,4352.96,0.5557,4353.16,0.5181,4352.92,0.004,4353.17,0.4329,4352.91,0.4601,4353.26,0.1602,4352.9,0.0275,4353.31,1.2368,4352.89,0.0202,4353.37,0.002,4352.76,0.11,4353.41,0.004,4352.66,0.043,4353.45,0.3584,4352.65,0.2834,4353.46,0.4497,4352.64,0.6813,4353.47,1.7274,4352.62,0.1602,4353.49,0.008,4352.55,0.023,4353.51,0.1399,4352.51,0.0034,4353.53,0.002,4352.47,3.0696,4353.57,0.004,4352.46,0.5757,4353.58,1.8299,4352.38,1.4455,4353.6,0.3046,4352.37,0.3,4353.63,5.0479,4352.36,0.971,4353.65,0.016,4352.35,2.2976,4353.71,2.2969
1756903743.4721005,19234822977,1756903743322,4353.0,5.3822,4353.01,4.2677,4352.97,0.2618,4353.15,0.0287,4352.96,0.5557,4353.16,0.5181,4352.92,0.004,4353.17,0.4329,4352.91,0.4601,4353.26,0.1602,4352.9,0.0275,4353.31,1.2368,4352.89,0.0202,4353.37,0.002,4352.84,0.008,4353.41,0.004,4352.76,0.11,4353.45,0.3584,4352.68,0.016,4353.46,0.4497,4352.66,0.043,4353.47,1.7274,4352.65,0.2834,4353.49,0.008,4352.64,0.6813,4353.51,0.1399,4352.62,0.1602,4353.53,0.002,4352.55,0.023,4353.57,0.004,4352.51,0.0034,4353.58,1.8299,4352.47,3.0696,4353.6,0.3046,4352.46,0.5757,4353.63,5.0479,4352.38,1.4455,4353.65,0.016,4352.37,0.3,4353.71,2.2969
1756903743.5808601,19234822995,1756903743427,4353.0,5.0318,4353.01,4.2677,4352.97,0.1679,4353.15,0.0287,4352.96,0.5557,4353.16,0.5181,4352.92,0.1917,4353.17,0.4329,4352.91,0.4601,4353.26,0.1602,4352.9,0.0275,4353.31,1.2368,4352.89,0.0202,4353.37,0.002,4352.84,0.008,4353.41,0.004,4352.76,0.11,4353.45,0.3584,4352.68,0.016,4353.46,0.4497,4352.66,0.011,4353.47,1.7274,4352.65,0.2834,4353.49,0.008,4352.64,0.6813,4353.51,0.1399,4352.62,0.1602,4353.53,0.002,4352.55,0.023,4353.57,0.004,4352.51,0.0034,4353.58,1.8299,4352.47,3.0696,4353.6,0.3046,4352.46,0.5757,4353.63,5.0479,4352.38,1.4455,4353.65,0.016,4352.37,0.3,4353.71,2.2969
1756903743.68896,19234823019,1756903743535,4353.0,6.0075,4353.01,4.2677,4352.97,0.1679,4353.15,0.0287,4352.96,0.5557,4353.16,0.5181,4352.92,0.1917,4353.17,0.4329,4352.91,0.4601,4353.26,0.1602,4352.9,0.0275,4353.31,1.2368,4352.89,0.0202,4353.37,0.002,4352.84,0.008,4353.41,0.004,4352.76,0.11,4353.45,0.3584,4352.68,0.016,4353.46,0.4497,4352.66,0.011,4353.47,1.7274,4352.65,0.4968,4353.49,0.008,4352.64,0.6813,4353.55,2.297,4352.63,0.163,4353.58,1.8299,4352.55,0.023,4353.6,0.3046,4352.51,0.0034,4353.63,5.0479,4352.48,0.8198,4353.65,0.016,4352.47,3.0696,4353.77,2.2969,4352.46,0.5757,4353.8,1.0724,4352.38,1.4455,4353.81,0.3276
1756903743.7865694,19234823023,1756903743637,4353.0,6.0075,4353.01,4.2677,4352.97,0.1679,4353.15,0.0287,4352.96,0.5557,4353.16,0.5181,4352.92,0.1917,4353.17,0.4329,4352.91,0.4601,4353.26,0.1602,4352.9,0.0275,4353.31,1.2368,4352.89,0.0202,4353.35,0.1399,4352.84,0.008,4353.37,0.002,4352.76,0.11,4353.41,0.004,4352.68,0.016,4353.45,0.3584,4352.66,0.011,4353.46,0.4497,4352.65,0.4968,4353.47,1.7274,4352.64,0.6813,4353.49,0.008,4352.63,0.163,4353.55,2.297,4352.55,0.023,4353.58,1.8299,4352.51,0.0034,4353.6,0.3046,4352.48,0.8198,4353.63,5.0479,4352.47,3.0696,4353.65,0.016,4352.46,0.5757,4353.77,2.2969,4352.38,1.4455,4353.81,0.3276
1756903743.8884573,19234823024,1756903743739,4353.0,6.0075,4353.01,4.2677,4352.97,0.1679,4353.15,0.0287,4352.96,0.5557,4353.16,0.5181,4352.92,0.1917,4353.17,0.4329,4352.91,0.4601,4353.26,0.1602,4352.9,0.0275,4353.31,1.2368,4352.89,0.0202,4353.35,0.1399,4352.84,0.008,4353.37,0.002,4352.76,0.11,4353.41,0.004,4352.68,0.016,4353.45,0.3584,4352.66,0.011,4353.46,0.4497,4352.65,0.4968,4353.47,1.7274,4352.64,0.6813,4353.49,0.008,4352.63,0.163,4353.55,2.297,4352.55,0.023,4353.58,1.8299,4352.51,0.0034,4353.6,0.3046,4352.48,0.8198,4353.63,5.0479,4352.47,3.0696,4353.65,0.016,4352.46,0.5757,4353.77,2.2969,4352.38,1.4455,4353.81,0.3276
1756903744.019148,19234823065,1756903743868,4353.0,5.9795,4353.01,4.2677,4352.97,0.1679,4353.15,0.0287,4352.96,0.5557,4353.16,0.5181,4352.92,0.1917,4353.17,0.4329,4352.91,0.4601,4353.26,0.1602,4352.9,0.0275,4353.31,1.2368,4352.84,0.008,4353.35,0.1399,4352.76,0.11,4353.37,0.002,4352.68,0.016,4353.41,0.004,4352.66,0.011,4353.45,0.3584,4352.65,0.2834,4353.46,0.4497,4352.64,0.6813,4353.47,1.7274,4352.63,0.163,4353.49,0.008,4352.55,0.023,4353.55,2.297,4352.51,0.0034,4353.58,1.8299,4352.47,3.0696,4353.6,0.3046,4352.46,0.5757,4353.63,5.0479,4352.38,1.4455,4353.65,0.016,4352.37,0.3,4353.77,2.2969,4352.36,1.003,4353.81,0.3276
1756903744.1186035,19234823077,1756903743970,4353.0,5.9795,4353.01,4.2677,4352.97,0.1679,4353.15,0.0287,4352.96,0.5557,4353.16,0.5181,4352.92,0.1917,4353.17,0.4329,4352.91,0.4601,4353.26,0.1602,4352.9,0.0275,4353.31,1.2368,4352.84,0.008,4353.37,0.002,4352.76,0.11,4353.41,0.004,4352.68,0.016,4353.45,0.3584,4352.66,0.011,4353.46,0.4497,4352.65,0.2834,4353.47,1.7274,4352.63,0.163,4353.49,0.008,4352.55,0.023,4353.55,2.297,4352.51,0.0034,4353.58,1.8299,4352.47,3.0696,4353.6,0.3046,4352.46,0.5757,4353.63,5.0479,4352.38,1.4455,4353.65,0.016,4352.37,0.3,4353.77,2.2969,4352.36,1.003,4353.81,0.3276,4352.35,2.2976,4353.83,0.0078
1756903744.2314227,19234823174,1756903744072,4353.0,4.9011,4353.01,4.2677,4352.96,0.5557,4353.15,0.0287,4352.92,0.004,4353.16,0.5181,4352.91,0.4601,4353.17,0.5728,4352.9,0.0275,4353.18,0.1655,4352.84,0.008,4353.31,1.2368,4352.7,0.11,4353.37,0.002,4352.68,0.016,4353.41,0.004,4352.66,0.011,4353.45,1.0397,4352.65,0.023,4353.46,0.4497,4352.55,0.1827,4353.47,1.7274,4352.51,0.0034,4353.49,0.008,4352.47,0.5636,4353.58,1.8299,4352.46,0.5757,4353.6,0.3046,4352.37,0.3,4353.63,5.0479,4352.36,1.003,4353.65,0.016,4352.25,0.0036,4353.81,0.023,4352.24,0.3533,4353.83,0.0078,4352.21,0.9235,4353.86,0.023,4352.2,0.7043,4353.96,0.3514
1756903744.327833,19234823271,1756903744176,4353.0,5.0644,4353.01,4.2677,4352.96,0.5557,4353.16,0.5181,4352.92,0.1857,4353.17,0.5728,4352.91,0.4601,4353.18,0.1655,4352.9,0.0275,4353.28,2.2971,4352.84,0.008,4353.31,1.2368,4352.7,0.11,4353.37,0.002,4352.68,0.016,4353.41,0.004,4352.66,0.011,4353.44,0.7204,4352.65,0.023,4353.45,0.6813,4352.59,0.4158,4353.46,0.4497,4352.58,0.3,4353.47,1.7274,4352.56,0.8998,4353.49,0.008,4352.55,0.1827,4353.58,1.8299,4352.51,0.0034,4353.6,0.3046,4352.47,0.5636,4353.63,5.0479,4352.46,0.5757,4353.65,0.016,4352.36,1.003,4353.81,0.023,4352.27,1.4455,4353.83,0.0078,4352.26,0.6256,4353.86,0.023
1756903744.426379,19234823361,1756903744277,4353.0,1.9376,4353.01,3.9303,4352.96,0.002,4353.15,0.0287,4352.92,0.004,4353.16,0.5181,4352.91,0.4601,4353.17,1.2541,4352.9,0.0275,4353.31,1.2368,4352.84,0.008,4353.37,0.002,4352.68,0.016,4353.41,0.004,4352.66,0.011,4353.44,0.7204,4352.65,0.023,4353.45,0.6813,4352.58,0.3,4353.46,0.4497,4352.55,0.023,4353.47,1.7274,4352.51,0.0034,4353.49,0.118,4352.47,0.8368,4353.57,1.4455,4352.46,0.5757,4353.58,1.8299,4352.36,1.003,4353.6,0.3046,4352.26,2.7611,4353.63,5.0479,4352.24,0.3533,4353.65,0.016,4352.22,0.0036,4353.81,0.023,4352.2,0.023,4353.83,0.0078,4352.1,0.01,4353.86,0.023
1756903744.5372624,19234823450,1756903744388,4353.0,2.0416,4353.01,4.0702,4352.96,0.002,4353.16,0.5181,4352.92,0.004,4353.17,1.1142,4352.91,0.4601,4353.31,1.2368,4352.9,0.0275,4353.36,0.023,4352.84,0.008,4353.37,0.002,4352.68,0.016,4353.41,0.027,4352.66,0.011,4353.44,0.7204,4352.51,0.0034,4353.45,0.6813,4352.47,0.5636,4353.46,0.4497,4352.46,0.5757,4353.47,1.7274,4352.36,1.003,4353.49,0.118,4352.33,0.1619,4353.57,1.4455,4352.27,0.1136,4353.58,1.8299,4352.24,0.3533,4353.63,5.0479,4352.2,0.023,4353.65,0.016,4352.1,0.01,4353.8,0.9302,4352.07,0.1744,4353.81,0.023,4351.91,0.0046,4353.83,0.0078,4351.89,0.023,4353.97,0.032
1756903744.6393867,19234823489,1756903744490,4353.0,1.9376,4353.01,4.0702,4352.96,0.002,4353.09,2.2972,4352.92,0.004,4353.16,0.5181,4352.91,0.4601,4353.17,1.1142,4352.9,0.0275,4353.3,2.2971,4352.84,0.008,4353.31,1.2368,4352.68,0.016,4353.33,0.1863,4352.66,0.011,4353.36,0.023,4352.51,0.0034,4353.37,0.002,4352.46,0.5757,4353.41,0.027,4352.36,1.003,4353.44,0.7204,4352.33,0.1619,4353.45,0.6813,4352.26,0.11,4353.46,0.4497,4352.24,0.3533,4353.47,1.7274,4352.2,0.023,4353.49,0.118,4352.1,0.01,4353.57,1.4455,4352.07,0.1744,4353.58,1.8299,4351.91,0.0046,4353.63,5.0479,4351.9,0.0036,4353.65,0.016,4351.89,0.023,4353.8,0.9302
1756903744.7405784,19234823505,1756903744590,4353.0,1.9376,4353.01,4.0702,4352.96,0.002,4353.09,2.2972,4352.92,0.004,4353.16,0.5181,4352.91,0.4601,4353.17,1.1142,4352.9,0.0275,4353.3,2.2971,4352.84,0.008,4353.31,1.2368,4352.77,0.0229,4353.33,0.1863,4352.68,0.016,4353.36,0.023,4352.66,0.011,4353.37,0.002,4352.51,0.0034,4353.41,0.027,4352.46,0.5757,4353.44,0.7204,4352.36,1.003,4353.45,0.6813,4352.33,0.1619,4353.46,0.4497,4352.24,0.3533,4353.47,1.7274,4352.2,0.023,4353.49,0.118,4352.1,0.8289,4353.57,1.4455,4351.91,0.0046,4353.58,1.8299,4351.9,0.0036,4353.63,5.0479,4351.89,0.023,4353.65,0.016,4351.75,0.023,4353.8,0.9302
1756903744.8414645,19234823782,1756903744692,4352.51,0.2184,4352.52,3.4518,4352.5,0.5511,4352.62,0.0287,4352.46,0.5757,4352.79,0.1399,4352.36,0.032,4352.84,0.2797,4352.2,0.023,4352.85,0.9322,4352.1,0.01,4352.96,1.531,4351.91,0.0046,4352.97,0.7773,4351.9,0.0036,4352.99,0.779,4351.89,0.023,4353.01,1.656,4351.83,1.6023,4353.16,0.2468,4351.78,0.1578,4353.17,0.6813,4351.75,0.023,4353.31,0.3046,4351.72,0.0708,4353.33,0.1863,4351.7,0.2077,4353.36,0.023,4351.69,0.6813,4353.37,0.002,4351.64,0.011,4353.41,0.027,4351.59,0.3536,4353.44,0.7204,4351.57,1.4455,4353.46,0.9311,4351.56,15.427,4353.47,1.7274,4351.54,0.0102,4353.49,0.118
1756903744.9458196,19234823877,1756903744796,4352.51,0.1884,4352.52,3.8231,4352.42,0.5523,4352.64,0.1399,4352.36,0.032,4352.82,0.5797,4352.2,0.023,4352.83,0.7204,4352.1,0.01,4352.85,0.9322,4351.91,0.0046,4352.96,1.531,4351.89,0.023,4352.97,0.7773,4351.84,0.8026,4352.99,0.779,4351.78,0.1578,4353.01,1.3173,4351.77,0.4318,4353.09,0.11,4351.75,0.023,4353.16,0.2468,4351.72,0.0708,4353.17,0.6813,4351.7,0.2077,4353.33,0.1863,4351.64,0.011,4353.36,0.023,4351.6,0.9987,4353.37,0.002,4351.59,0.3536,4353.41,0.027,4351.57,1.4455,4353.46,0.9311,4351.56,15.427,4353.47,1.4228,4351.54,0.0102,4353.49,0.008,4351.42,0.971,4353.57,1.4455
1756903745.0498128,19234823898,1756903744899,4352.51,0.1884,4352.52,3.8373,4352.47,0.4427,4352.64,0.1399,4352.42,0.6443,4352.82,0.5797,4352.36,0.032,4352.83,0.7204,4352.2,0.023,4352.85,0.9322,4352.1,0.01,4352.96,1.531,4351.91,0.0046,4352.97,0.7773,4351.89,0.023,4352.99,0.779,4351.85,0.11,4353.01,1.3173,4351.84,0.8026,4353.09,0.11,4351.79,0.1619,4353.16,0.2468,4351.77,0.4318,4353.17,0.6813,4351.75,0.023,4353.33,0.1863,4351.72,0.0708,4353.36,0.023,4351.7,0.2077,4353.37,0.002,4351.64,0.011,4353.41,0.027,4351.6,1.0189,4353.46,0.9311,4351.59,0.3536,4353.47,1.4228,4351.57,1.4455,4353.49,0.008,4351.56,15.427,4353.57,1.4455
1756903745.148302,19234823915,1756903745000,4352.51,2.0201,4352.52,3.8373,4352.47,0.4427,4352.59,2.2975,4352.42,0.092,4352.64,0.1399,4352.36,0.032,4352.82,0.5797,4352.2,0.023,4352.83,0.7204,4352.1,0.8212,4352.85,0.9322,4351.91,0.0046,4352.96,1.531,4351.89,0.023,4352.97,0.7773,4351.85,0.11,4352.99,0.779,4351.84,0.8026,4353.01,1.3173,4351.79,0.1619,4353.09,0.11,4351.77,0.4318,4353.16,0.2468,4351.75,0.023,4353.17,0.6813,4351.72,0.0708,4353.33,0.1863,4351.7,0.2077,4353.36,0.023,4351.64,0.011,4353.37,0.002,4351.6,1.0189,4353.41,0.027,4351.59,0.3536,4353.46,0.9311,4351.57,1.4455,4353.47,1.4228,4351.56,15.427,4353.49,0.008
1756903745.251374,19234824063,1756903745100,4352.42,0.8763,4352.43,4.1147,4352.41,0.5213,4352.51,0.526,4352.36,0.032,4352.52,1.6135,4352.31,0.0229,4352.64,0.1399,4352.2,0.023,4352.74,0.002,4352.1,0.01,4352.78,0.004,4351.91,0.0046,4352.82,0.4958,4351.89,0.023,4352.83,0.7204,4351.84,0.0036,4352.85,0.9322,4351.8,0.2156,4352.96,0.3514,4351.79,0.1619,4352.97,0.7773,4351.77,0.4318,4353.01,1.3173,4351.75,0.023,4353.08,0.11,4351.72,0.0708,4353.16,0.2468,4351.64,0.011,4353.17,0.6813,4351.6,0.0202,4353.33,0.1863,4351.59,0.3536,4353.36,0.023,4351.56,15.427,4353.37,0.002,4351.54,0.0102,4353.41,0.027,4351.43,4.9591,4353.46,0.9311
1756903745.3595893,19234824099,1756903745209,4352.42,0.9962,4352.43,4.1147,4352.41,0.5213,4352.51,0.526,4352.36,0.032,4352.52,1.6135,4352.31,0.0229,4352.64,0.1399,4352.2,0.023,4352.74,0.002,4352.1,0.01,4352.78,0.004,4351.93,0.9893,4352.82,0.4958,4351.92,0.3121,4352.83,0.7204,4351.91,1.0136,4352.85,0.9322,4351.89,0.023,4352.86,0.008,4351.84,0.0036,4352.96,1.0128,4351.8,0.4736,4352.97,0.7773,4351.79,0.1619,4353.01,1.3173,4351.77,0.4318,4353.02,0.016,4351.75,0.023,4353.08,0.11,4351.74,0.11,4353.16,0.2468,4351.72,0.0708,4353.17,0.6813,4351.64,0.011,4353.33,0.1863,4351.6,0.0202,4353.34,0.032,4351.59,0.3536,4353.36,0.023
1756903745.4587798,19234824127,1756903745309,4352.42,0.9389,4352.43,4.1147,4352.41,0.5213,4352.51,0.526,4352.36,0.032,4352.52,1.6135,4352.31,0.0229,4352.64,0.1399,4352.2,0.023,4352.74,0.002,4352.1,0.01,4352.78,0.004,4351.91,0.0046,4352.82,0.4958,4351.89,0.023,4352.83,0.7204,4351.84,0.0036,4352.85,0.9322,4351.8,0.5006,4352.86,0.008,4351.79,0.1619,4352.96,1.0128,4351.77,0.4318,4352.97,0.7773,4351.75,0.023,4353.01,1.3173,4351.74,0.11,4353.02,0.016,4351.72,0.0708,4353.08,0.11,4351.64,0.011,4353.16,0.2468,4351.6,0.9501,4353.17,0.6813,4351.59,0.3536,4353.33,0.1863,4351.56,15.427,4353.34,0.032,4351.54,0.0102,4353.36,0.023
1756903745.5629044,19234824162,1756903745412,4352.42,1.0761,4352.43,4.1147,4352.41,0.5213,4352.51,0.526,4352.35,0.008,4352.52,3.8968,4352.31,0.0229,4352.64,0.1399,4352.2,0.023,4352.73,2.2974,4352.19,0.016,4352.74,0.002,4352.1,0.01,4352.78,0.004,4351.93,0.9893,4352.82,0.4958,4351.92,0.3217,4352.83,0.7204,4351.91,1.0136,4352.85,0.9322,4351.89,0.023,4352.86,0.008,4351.87,0.032,4352.96,1.0128,4351.84,0.0036,4352.97,0.7773,4351.8,0.5006,4353.01,1.3173,4351.79,0.1619,4353.02,0.016,4351.77,0.4318,4353.08,0.11,4351.75,0.023,4353.16,0.2468,4351.74,0.11,4353.17,0.7683,4351.72,0.0068,4353.33,0.1863,4351.64,0.011,4353.34,0.032
1756903745.6594863,19234824212,1756903745512,4352.42,1.0859,4352.43,4.1289,4352.41,0.5213,4352.51,0.526,4352.35,0.008,4352.52,3.8968,4352.33,0.092,4352.64,0.1399,4352.31,0.0229,4352.72,0.5,4352.2,0.023,4352.74,0.002,4352.19,0.016,4352.78,0.004,4352.1,0.01,4352.83,0.7204,4351.98,0.5768,4352.85,0.9322,4351.97,0.91,4352.86,0.008,4351.95,0.9496,4352.96,0.3514,4351.91,0.0046,4353.0,0.433,4351.89,0.023,4353.01,1.3173,4351.87,0.032,4353.02,0.016,4351.84,0.0036,4353.08,0.11,4351.8,0.2156,4353.16,0.2468,4351.79,0.1619,4353.17,0.7683,4351.77,0.4318,4353.23,0.0125,4351.75,0.023,4353.33,0.1863,4351.74,0.11,4353.34,0.032
1756903745.770374,19234824286,1756903745618,4352.42,2.4453,4352.43,4.1289,4352.41,0.5213,4352.51,0.526,4352.35,0.008,4352.52,1.5993,4352.33,0.092,4352.61,2.2975,4352.31,0.0229,4352.64,0.1399,4352.2,0.023,4352.72,1.1267,4352.19,0.016,4352.73,2.2974,4352.1,0.01,4352.74,0.002,4352.01,0.8309,4352.78,0.004,4352.0,0.5531,4352.83,0.7204,4351.99,0.8704,4352.85,0.9322,4351.91,0.0046,4352.86,0.008,4351.89,0.023,4352.96,0.3514,4351.87,0.032,4353.0,0.433,4351.84,0.0036,4353.01,1.3173,4351.8,0.3808,4353.02,0.016,4351.77,0.4318,4353.08,0.11,4351.75,0.023,4353.16,0.2468,4351.74,0.11,4353.17,0.7683,4351.72,0.0068,4353.23,0.0125
1756903745.8691561,19234824327,1756903745719,4352.42,2.4533,4352.43,4.7303,4352.41,0.5213,4352.51,1.1453,4352.35,0.008,4352.52,1.5993,4352.33,0.092,4352.61,2.2975,4352.2,0.023,4352.64,0.1399,4352.19,0.016,4352.72,1.1267,4352.1,0.01,4352.73,2.2974,4352.02,0.2682,4352.74,0.002,4352.01,0.8309,4352.78,0.004,4351.91,0.0046,4352.83,0.7204,4351.89,0.023,4352.85,0.0229,4351.87,0.032,4352.86,0.008,4351.84,0.0036,4353.0,0.433,4351.8,0.3808,4353.01,1.3173,4351.77,0.4318,4353.02,0.016,4351.75,0.023,4353.08,0.11,4351.74,0.11,4353.16,0.2468,4351.72,0.0068,4353.17,0.7683,4351.64,0.011,4353.23,0.0205,4351.6,0.0202,4353.33,0.1863
1756903745.9655213,19234824418,1756903745820,4352.42,0.9629,4352.43,4.7303,4352.41,0.5213,4352.51,0.526,4352.35,0.008,4352.52,1.5993,4352.33,0.092,4352.64,0.1399,4352.2,0.023,4352.72,0.2272,4352.19,0.016,4352.74,0.002,4352.1,0.01,4352.78,0.004,4352.02,0.2682,4352.83,0.7204,4351.91,0.0046,4352.85,0.0229,4351.89,0.023,4352.86,0.008,4351.87,0.032,4352.98,0.6705,4351.84,0.0036,4352.99,0.7917,4351.8,0.3808,4353.01,1.3173,4351.77,0.4318,4353.02,0.016,4351.75,0.023,4353.08,0.11,4351.74,0.11,4353.16,0.2468,4351.64,0.011,4353.17,0.777,4351.63,0.7775,4353.23,0.0205,4351.6,0.0202,4353.33,0.1863,4351.59,0.3536,4353.34,0.032
1756903746.0681546,19234824460,1756903745921,4352.42,0.9136,4352.43,4.7303,4352.41,0.5213,4352.51,0.526,4352.35,0.008,4352.52,1.5993,4352.33,0.092,4352.64,0.1399,4352.2,0.023,4352.72,0.2272,4352.19,0.016,4352.74,0.002,4352.1,0.01,4352.78,0.004,4351.92,0.3207,4352.83,0.7204,4351.91,1.014,4352.85,0.0229,4351.89,0.023,4352.86,0.008,4351.87,0.032,4352.98,0.6705,4351.8,0.3808,4352.99,0.7917,4351.77,0.4318,4353.01,1.3173,4351.75,0.023,4353.02,0.016,4351.74,0.11,4353.08,0.11,4351.64,0.0146,4353.16,0.2468,4351.63,0.0056,4353.17,0.777,4351.6,0.0202,4353.23,0.0205,4351.59,0.3536,4353.25,0.0296,4351.56,15.427,4353.33,0.1863
1756903746.1798353,19234824480,1756903746030,4352.42,0.8256,4352.43,4.7303,4352.41,0.5213,4352.51,0.526,4352.35,0.008,4352.52,1.5993,4352.33,0.092,4352.64,0.1399,4352.2,0.023,4352.72,0.2272,4352.19,0.016,4352.74,0.002,4352.1,0.01,4352.78,0.004,4351.91,0.0046,4352.83,0.7204,4351.89,0.023,4352.85,0.0229,4351.87,0.032,4352.86,0.008,4351.8,0.5751,4352.98,0.6705,4351.77,0.4318,4352.99,0.7917,4351.75,0.023,4353.01,1.3173,4351.74,0.11,4353.02,0.016,4351.64,0.0146,4353.08,0.11,4351.63,0.0056,4353.16,0.2468,4351.6,0.8713,4353.17,0.777,4351.59,0.3536,4353.23,0.0205,4351.56,15.427,4353.25,0.0296,4351.54,0.0102,4353.33,0.1863
1756903746.2804973,19234824545,1756903746131,4352.42,1.0108,4352.43,4.7532,4352.41,0.5213,4352.51,0.526,4352.35,0.008,4352.52,1.5993,4352.33,0.092,4352.64,0.1399,4352.2,0.023,4352.72,0.2272,4352.19,0.016,4352.74,0.002,4352.1,0.01,4352.78,0.004,4351.93,0.9897,4352.83,0.7204,4351.92,0.3207,4352.85,0.0229,4351.91,1.014,4352.86,0.008,4351.89,0.023,4352.98,0.6705,4351.87,0.032,4352.99,0.7917,4351.81,0.1655,4353.01,1.3173,4351.8,0.4099,4353.02,0.016,4351.77,0.4318,4353.08,0.11,4351.75,0.023,4353.16,0.2468,4351.74,0.11,4353.17,0.777,4351.64,0.0146,4353.23,0.0969,4351.63,0.0056,4353.25,0.0296,4351.6,0.0202,4353.33,0.1863
1756903746.386379,19234824585,1756903746237,4352.42,0.8426,4352.43,4.7532,4352.41,0.5213,4352.51,0.526,4352.38,0.002,4352.52,1.5993,4352.35,0.008,4352.64,0.1399,4352.34,0.004,4352.69,0.6813,4352.33,0.092,4352.72,0.2272,4352.26,0.008,4352.74,0.002,4352.2,0.023,4352.78,0.004,4352.19,0.016,4352.83,0.7204,4352.1,0.026,4352.85,0.0229,4351.91,0.0046,4352.86,0.008,4351.89,0.023,4352.98,0.6705,4351.87,0.032,4352.99,0.7917,4351.81,0.1655,4353.01,1.3173,4351.8,0.2156,4353.02,0.016,4351.77,0.4318,4353.08,0.11,4351.75,0.023,4353.16,0.2468,4351.74,0.11,4353.17,0.777,4351.64,0.0146,4353.23,0.0969,4351.63,0.0056,4353.25,0.0296
1756903746.4912295,19234824622,1756903746340,4352.42,1.9002,4352.43,4.7532,4352.38,0.002,4352.51,0.526,4352.34,0.004,4352.52,1.5993,4352.33,0.092,4352.64,0.1399,4352.26,0.008,4352.69,0.6813,4352.2,0.023,4352.72,0.2272,4352.1,0.026,4352.73,2.2974,4351.92,0.3205,4352.74,0.002,4351.91,1.0132,4352.78,0.004,4351.89,0.023,4352.83,0.7204,4351.87,0.032,4352.85,0.0229,4351.81,0.1655,4352.86,0.008,4351.8,0.2156,4352.98,0.6705,4351.78,0.032,4352.99,0.7917,4351.77,0.4318,4353.01,1.3173,4351.75,0.023,4353.02,0.016,4351.74,0.11,4353.08,0.11,4351.64,0.0146,4353.17,0.0957,4351.63,0.0056,4353.23,0.0969,4351.6,0.8516,4353.25,0.0296
1756903746.601925,19234824681,1756903746451,4352.42,1.6433,4352.43,4.7532,4352.38,0.002,4352.51,1.3497,4352.34,0.004,4352.52,3.8968,4352.33,0.092,4352.64,0.1399,4352.26,0.008,4352.69,0.6813,4352.1,0.026,4352.72,0.888,4351.96,0.5833,4352.73,2.2974,4351.95,0.9501,4352.74,0.002,4351.91,0.0046,4352.78,0.004,4351.8,0.2156,4352.83,0.7434,4351.78,0.032,4352.85,0.0229,4351.77,0.4318,4352.86,0.008,4351.73,0.11,4352.88,0.023,4351.64,0.0146,4352.98,0.433,4351.63,0.0056,4353.01,1.3173,4351.62,0.023,4353.02,0.016,4351.6,0.0202,4353.08,0.11,4351.59,0.3536,4353.17,0.0957,4351.57,0.023,4353.22,0.7918,4351.56,15.427,4353.23,0.1199
1756903746.713161,19234824700,1756903746562,4352.42,0.6676,4352.43,4.7532,4352.38,0.002,4352.51,1.3497,4352.34,0.004,4352.52,1.5993,4352.33,0.092,4352.64,0.1399,4352.26,0.008,4352.69,0.6813,4352.1,0.026,4352.72,0.888,4351.91,0.0046,4352.74,0.002,4351.82,0.1612,4352.78,0.004,4351.8,0.2156,4352.83,0.7434,4351.78,0.032,4352.85,0.0229,4351.77,0.4318,4352.86,0.008,4351.73,0.11,4352.88,0.023,4351.64,0.0146,4352.98,0.433,4351.63,0.0056,4353.01,1.3173,4351.62,0.023,4353.02,0.016,4351.6,0.7922,4353.08,0.11,4351.59,0.3536,4353.17,0.0957,4351.57,0.023,4353.21,0.5854,4351.56,15.427,4353.22,0.7918,4351.54,0.0102,4353.23,0.1199
1756903746.816118,19234824720,1756903746667,4352.42,0.6676,4352.43,4.7532,4352.38,0.002,4352.51,0.526,4352.34,0.004,4352.52,1.5993,4352.33,0.092,4352.64,0.1399,4352.26,0.008,4352.69,0.6813,4352.1,0.026,4352.72,0.2272,4351.91,0.0046,4352.74,0.002,4351.82,0.1612,4352.78,0.004,4351.8,0.3958,4352.83,0.7434,4351.78,0.032,4352.85,0.0229,4351.77,0.4318,4352.86,0.008,4351.64,0.011,4352.88,0.023,4351.63,0.0056,4352.98,0.433,4351.62,0.023,4353.01,1.3173,4351.61,0.0036,4353.02,0.016,4351.6,0.7922,4353.08,0.11,4351.59,0.3536,4353.17,0.0957,4351.57,0.023,4353.21,0.5854,4351.56,15.427,4353.22,0.7918,4351.54,0.0102,4353.23,0.1199
1756903746.923187,19234824780,1756903746773,4352.42,1.092,4352.43,4.7532,4352.38,0.002,4352.51,0.526,4352.34,0.004,4352.52,1.5993,4352.33,0.092,4352.59,2.2975,4352.26,0.008,4352.64,0.1399,4352.1,0.026,4352.69,0.6813,4351.93,0.9897,4352.72,0.2272,4351.92,0.3485,4352.74,0.002,4351.91,1.0005,4352.78,0.004,4351.82,0.1612,4352.81,2.2974,4351.8,0.3958,4352.83,0.7434,4351.78,0.032,4352.85,0.0229,4351.77,0.4318,4352.86,0.008,4351.74,0.11,4352.88,0.023,4351.64,0.011,4352.98,0.433,4351.63,0.0056,4353.01,1.3173,4351.62,0.023,4353.02,0.016,4351.61,0.0036,4353.08,0.11,4351.6,0.0202,4353.17,0.0957,4351.59,0.3536,4353.21,0.5854
1756903747.069213,19234824808,1756903746922,4352.42,0.9148,4352.43,4.7532,4352.38,0.002,4352.51,0.526,4352.34,0.004,4352.52,1.5993,4352.33,0.092,4352.64,0.1399,4352.26,0.008,4352.69,0.6813,4352.1,0.026,4352.72,0.2272,4351.91,1.0141,4352.74,0.002,4351.83,0.1603,4352.78,0.004,4351.8,0.4089,4352.83,0.7434,4351.78,0.032,4352.85,0.0229,4351.77,0.4318,4352.86,0.008,4351.73,0.11,4352.88,0.023,4351.64,0.011,4352.98,0.433,4351.63,0.0056,4353.01,1.3173,4351.62,0.023,4353.02,0.016,4351.61,0.0036,4353.08,0.11,4351.6,0.812,4353.17,0.0957,4351.59,0.3536,4353.21,0.5854,4351.57,0.023,4353.22,0.7918,4351.56,15.427,4353.23,0.1199
1756903747.172429,19234824841,1756903747025,4352.42,1.1717,4352.43,4.7532,4352.38,0.002,4352.51,1.3497,4352.34,0.004,4352.52,1.5993,4352.33,0.092,4352.59,2.2975,4352.26,0.008,4352.64,0.1399,4352.1,0.026,4352.69,0.6813,4351.95,0.9501,4352.72,0.2272,4351.94,0.6492,4352.74,0.002,4351.93,0.9897,4352.78,0.004,4351.91,0.0046,4352.81,2.2974,4351.83,0.1603,4352.83,0.7434,4351.8,0.1582,4352.85,0.0229,4351.78,0.032,4352.86,0.008,4351.77,0.4318,4352.88,0.023,4351.74,0.11,4352.98,0.433,4351.64,0.011,4353.01,1.3173,4351.63,0.0056,4353.02,0.016,4351.62,0.023,4353.08,0.11,4351.61,0.0036,4353.17,0.0957,4351.6,0.0202,4353.21,0.5854
1756903747.277039,19234824894,1756903747125,4352.42,1.1717,4352.43,4.7532,4352.38,0.002,4352.51,1.3497,4352.34,0.004,4352.52,1.5993,4352.33,0.092,4352.59,2.2975,4352.26,0.008,4352.64,0.1399,4352.1,0.026,4352.69,0.6813,4351.98,0.6077,4352.72,0.9018,4351.97,0.9105,4352.74,0.002,4351.95,0.9501,4352.78,0.004,4351.91,0.0046,4352.81,2.2974,4351.83,0.1603,4352.83,0.7434,4351.8,0.1582,4352.85,0.0229,4351.78,0.032,4352.86,0.008,4351.77,0.4318,4352.88,0.023,4351.73,0.11,4352.98,0.433,4351.64,0.011,4353.01,1.3173,4351.63,0.0056,4353.02,0.016,4351.62,0.023,4353.08,0.11,4351.61,0.0036,4353.17,0.0957,4351.6,0.0202,4353.21,0.5854
1756903747.3815958,19234824919,1756903747226,4352.42,1.3344,4352.43,4.7532,4352.38,0.002,4352.51,1.3497,4352.34,0.004,4352.52,1.5993,4352.33,0.092,4352.59,2.2975,4352.26,0.008,4352.64,0.1399,4352.1,0.026,4352.69,0.6813,4352.01,0.8314,4352.72,0.9018,4352.0,0.5839,4352.74,0.002,4351.99,0.8709,4352.78,0.004,4351.91,0.0046,4352.81,2.2974,4351.83,0.1603,4352.83,0.7434,4351.8,0.1582,4352.85,0.0229,4351.78,0.032,4352.86,0.008,4351.77,0.4318,4352.88,0.023,4351.73,0.11,4352.98,0.433,4351.64,0.011,4353.01,1.3173,4351.63,0.0056,4353.02,0.016,4351.62,0.023,4353.08,0.11,4351.61,0.0036,4353.17,0.0957,4351.6,0.0202,4353.21,0.5854
1756903747.505522,19234824937,1756903747355,4352.42,1.3344,4352.43,4.7532,4352.38,0.002,4352.51,1.3497,4352.34,0.004,4352.52,1.5993,4352.33,0.092,4352.59,2.2975,4352.26,0.008,4352.64,0.1399,4352.1,0.026,4352.69,0.6813,4352.04,0.5364,4352.72,0.9018,4352.03,0.7918,4352.74,0.002,4352.01,0.8314,4352.78,0.004,4351.91,0.0046,4352.81,2.2974,4351.83,0.1603,4352.83,0.023,4351.8,0.1582,4352.85,0.0229,4351.78,0.032,4352.86,0.008,4351.77,0.4318,4352.88,0.023,4351.73,0.11,4352.98,0.433,4351.64,0.011,4353.01,1.3173,4351.63,0.0056,4353.02,0.016,4351.62,0.023,4353.08,0.11,4351.61,0.0036,4353.17,0.0957,4351.6,0.0202,4353.2,0.1063
1756903747.6028533,19234824964,1756903747457,4352.42,0.9177,4352.43,4.7532,4352.38,0.002,4352.51,0.526,4352.34,0.004,4352.52,1.5993,4352.33,0.092,4352.64,0.1399,4352.26,0.008,4352.69,0.6813,4352.1,0.026,4352.74,0.002,4352.04,0.287,4352.78,0.004,4352.03,0.7918,4352.83,0.023,4351.91,0.0046,4352.85,0.0229,4351.83,0.1603,4352.86,0.008,4351.8,0.1582,4352.88,0.023,4351.78,0.032,4352.98,0.433,4351.77,0.4318,4353.01,1.3173,4351.73,0.11,4353.02,0.016,4351.64,0.783,4353.08,0.11,4351.63,0.0056,4353.17,0.0957,4351.62,0.023,4353.19,0.6197,4351.61,0.0036,4353.2,0.8981,4351.6,0.0202,4353.23,0.1199,4351.59,0.3536,4353.25,0.0374
1756903747.710079,19234824978,1756903747559,4352.42,0.9177,4352.43,4.7532,4352.38,0.002,4352.51,0.526,4352.34,0.004,4352.52,1.5993,4352.33,0.092,4352.64,0.1399,4352.26,0.008,4352.69,0.6813,4352.1,0.026,4352.74,0.002,4351.91,0.0046,4352.78,0.004,4351.83,0.1603,4352.83,0.023,4351.8,0.1582,4352.85,0.0229,4351.78,0.032,4352.86,0.008,4351.77,0.4318,4352.88,0.023,4351.73,0.11,4352.98,0.433,4351.64,0.011,4353.01,1.3173,4351.63,0.0056,4353.02,0.016,4351.62,0.023,4353.08,0.11,4351.61,0.0036,4353.17,0.0957,4351.6,0.0202,4353.18,0.4238,4351.59,0.3536,4353.19,0.6197,4351.57,0.023,4353.2,0.7918,4351.56,15.427,4353.23,0.1199
1756903747.8169727,19234824990,1756903747664,4352.42,0.6705,4352.43,4.7532,4352.38,0.002,4352.51,0.526,4352.34,0.004,4352.52,1.5993,4352.33,0.092,4352.64,0.1399,4352.26,0.008,4352.69,0.6813,4352.1,0.026,4352.74,0.002,4351.91,0.0046,4352.78,0.004,4351.83,0.1603,4352.83,0.023,4351.8,0.1582,4352.85,0.0229,4351.78,0.032,4352.86,0.008,4351.77,0.4318,4352.88,0.023,4351.73,0.11,4352.96,0.8666,4351.64,0.011,4352.97,1.4455,4351.63,0.0056,4353.01,1.3173,4351.62,0.023,4353.02,0.016,4351.6,0.0238,4353.08,0.11,4351.59,0.3536,4353.17,0.0957,4351.57,0.023,4353.18,0.4238,4351.56,15.427,4353.19,0.6197,4351.54,0.0102,4353.2,0.7918
1756903747.931193,19234825084,1756903747783,4352.42,0.0099,4352.43,4.7532,4352.41,0.4641,4352.51,0.526,4352.38,0.002,4352.52,1.5993,4352.34,0.004,4352.64,0.1399,4352.33,0.092,4352.69,0.6813,4352.26,0.008,4352.74,0.002,4352.1,0.026,4352.78,0.004,4351.91,0.0046,4352.83,0.023,4351.78,0.2606,4352.85,0.0229,4351.77,0.4318,4352.86,0.008,4351.64,0.011,4352.88,0.023,4351.63,0.0056,4352.96,0.8666,4351.62,0.023,4352.97,1.4455,4351.61,0.1568,4353.01,1.3173,4351.6,0.0238,4353.02,0.016,4351.59,0.3536,4353.08,0.11,4351.57,0.023,4353.17,0.0957,4351.56,15.427,4353.18,0.6708,4351.54,0.0102,4353.19,0.6197,4351.43,1.8057,4353.2,0.7918
1756903748.0409758,19234825109,1756903747891,4352.42,0.1139,4352.43,4.7532,4352.38,0.002,4352.51,0.526,4352.34,0.004,4352.52,1.5993,4352.33,0.092,4352.64,0.1399,4352.26,0.008,4352.69,0.6813,4352.1,0.026,4352.74,0.002,4351.91,0.0046,4352.78,0.004,4351.78,0.2606,4352.83,0.023,4351.77,0.4318,4352.85,0.0229,4351.64,0.011,4352.86,0.008,4351.63,0.1156,4352.88,0.023,4351.62,0.1809,4352.96,0.8666,4351.6,0.0238,4352.97,1.4455,4351.59,0.3536,4353.01,1.3173,4351.57,0.023,4353.02,0.016,4351.56,15.427,4353.08,0.11,4351.54,0.0102,4353.17,0.0957,4351.43,1.8057,4353.18,0.6708,4351.42,0.971,4353.19,0.6197,4351.4,5.0479,4353.2,0.7918
1756903748.1529639,19234825132,1756903748003,4352.42,0.0099,4352.43,4.7532,4352.38,0.002,4352.51,0.526,4352.34,0.004,4352.52,1.5993,4352.33,0.092,4352.64,0.1399,4352.26,0.008,4352.69,0.6813,4352.1,0.026,4352.74,0.002,4351.91,0.0046,4352.78,0.004,4351.78,0.5174,4352.83,0.023,4351.77,0.4318,4352.85,0.0229,4351.64,0.011,4352.86,0.008,4351.63,0.1156,4352.88,0.023,4351.62,0.1809,4352.95,0.293,4351.6,0.0238,4352.96,0.8666,4351.59,0.3536,4352.97,1.4455,4351.57,0.023,4353.01,1.3173,4351.56,15.427,4353.02,0.016,4351.54,0.0102,4353.08,0.11,4351.43,1.8057,4353.17,0.0957,4351.42,0.971,4353.18,0.247,4351.4,5.0479,4353.19,0.6197
1756903748.2581766,19234825202,1756903748109,4352.42,0.5135,4352.43,4.7532,4352.38,0.002,4352.45,0.728,4352.34,0.004,4352.52,1.5993,4352.33,0.092,4352.64,0.1399,4352.26,0.008,4352.66,0.002,4352.1,0.026,4352.69,0.6813,4351.91,0.0046,4352.7,0.004,4351.78,0.2606,4352.74,0.002,4351.77,0.4318,4352.78,0.008,4351.64,0.011,4352.83,0.023,4351.63,0.1156,4352.85,0.0229,4351.62,0.1809,4352.86,0.008,4351.6,0.0238,4352.88,0.023,4351.59,0.3536,4352.94,0.016,4351.57,0.023,4352.95,0.293,4351.56,15.427,4352.96,0.8666,4351.54,0.0102,4352.97,1.4455,4351.49,0.3535,4353.01,1.3173,4351.43,1.8057,4353.02,0.016,4351.42,0.971,4353.08,0.11
1756903748.3654726,19234825217,1756903748215,4352.42,0.5444,4352.43,4.7532,4352.38,0.002,4352.45,0.728,4352.34,0.004,4352.52,1.5993,4352.33,0.092,4352.64,0.1399,4352.26,0.008,4352.66,0.002,4352.1,0.026,4352.69,0.6813,4351.91,0.0046,4352.7,0.004,4351.78,0.2606,4352.78,0.008,4351.77,0.4318,4352.83,0.023,4351.64,0.011,4352.85,0.0229,4351.63,0.1156,4352.88,0.023,4351.62,0.1809,4352.94,0.016,4351.6,0.8552,4352.95,0.293,4351.59,0.3536,4352.96,0.8666,4351.57,0.023,4352.97,1.4455,4351.56,15.427,4353.01,1.3173,4351.54,0.0102,4353.08,0.11,4351.49,0.3535,4353.17,0.0957,4351.43,1.8057,4353.18,0.247,4351.42,0.971,4353.19,0.6197
1756903748.5093186,19234825225,1756903748360,4352.42,0.5444,4352.43,4.7532,4352.38,0.002,4352.45,0.728,4352.34,0.004,4352.52,1.5993,4352.33,0.092,4352.64,0.1399,4352.26,0.008,4352.66,0.002,4352.1,0.026,4352.69,0.6813,4351.91,0.0046,4352.7,0.004,4351.78,0.4818,4352.78,0.008,4351.77,0.4318,4352.83,0.023,4351.64,0.011,4352.85,0.0229,4351.63,0.1156,4352.88,0.023,4351.62,0.1809,4352.94,0.016,4351.6,0.8552,4352.95,0.293,4351.59,0.3536,4352.96,0.8666,4351.57,0.023,4352.97,1.4455,4351.56,15.427,4353.01,1.3173,4351.54,0.0102,4353.08,0.11,4351.49,0.3535,4353.17,0.0957,4351.43,1.8057,4353.18,0.247,4351.42,0.971,4353.19,0.6197
1756903748.6343977,19234825236,1756903748489,4352.42,0.6484,4352.43,4.7532,4352.38,0.002,4352.45,0.728,4352.34,0.004,4352.52,1.5993,4352.33,0.092,4352.64,0.1399,4352.26,0.008,4352.66,0.002,4352.1,0.026,4352.69,0.6813,4351.91,0.0046,4352.7,0.004,4351.78,0.4818,4352.78,0.008,4351.77,0.4318,4352.83,0.023,4351.64,0.011,4352.85,0.0229,4351.63,0.1156,4352.88,0.023,4351.62,0.1809,4352.94,0.016,4351.6,0.8552,4352.95,0.293,4351.59,0.3536,4352.96,0.8666,4351.57,0.023,4352.97,1.4455,4351.56,15.427,4353.01,1.3173,4351.54,0.0102,4353.08,0.11,4351.49,0.3535,4353.17,0.0957,4351.43,1.8057,4353.18,0.247,4351.42,0.971,4353.19,0.6197
1756903748.7423928,19234825267,1756903748594,4352.42,0.5444,4352.43,4.7532,4352.38,0.002,4352.45,0.728,4352.34,0.004,4352.52,1.5993,4352.33,0.092,4352.64,0.1399,4352.26,0.008,4352.66,0.002,4352.1,0.026,4352.69,0.6813,4351.91,0.912,4352.7,0.004,4351.78,0.4818,4352.78,0.008,4351.77,0.4318,4352.83,0.023,4351.64,0.0146,4352.85,0.0229,4351.63,0.1156,4352.88,0.023,4351.62,0.1809,4352.94,0.016,4351.6,0.8516,4352.95,0.293,4351.59,0.3536,4352.96,0.8666,4351.57,0.023,4352.97,1.4455,4351.56,15.427,4353.01,1.3173,4351.54,0.0102,4353.08,0.11,4351.49,0.3535,4353.17,0.0957,4351.43,1.8057,4353.18,0.247,4351.42,0.971,4353.19,0.6197
