timestamp,price,size,side,trade_id,exchange_timestamp
1756903691.728072,4354.69,3.4403,sell,131478838,1756903691579.097000
1756903691.889187,4354.69,0.0006,sell,131478839,1756903691740.262000
1756903691.889187,4354.69,0.0107,sell,131478840,1756903691740.284000
1756903692.3392513,4354.69,0.0236,sell,131478841,1756903692190.519000
1756903692.341015,4354.69,0.104,sell,131478842,1756903692190.526000
1756903692.3415394,4354.69,0.6277,sell,131478843,1756903692190.545000
1756903692.507701,4354.7,0.0024,buy,131478844,1756903692358.325000
1756903692.6047354,4354.69,0.034,sell,131478845,1756903692454.184000
1756903692.6047354,4354.69,0.0399,sell,131478846,1756903692454.192000
1756903692.605255,4354.69,0.0799,sell,131478847,1756903692454.200000
1756903692.6057727,4354.69,0.0799,sell,131478848,1756903692454.205000
1756903692.6088884,4354.69,0.0799,sell,131478849,1756903692454.210000
1756903692.6088884,4354.69,0.0799,sell,131478850,1756903692454.215000
1756903692.6088884,4354.69,0.0229,sell,131478851,1756903692454.241000
1756903692.6094096,4354.69,0.104,sell,131478852,1756903692454.247000
1756903692.6094096,4354.69,0.0799,sell,131478853,1756903692454.276000
1756903692.6094096,4354.65,0.002,sell,131478854,1756903692454.281000
1756903692.6094096,4354.61,0.004,sell,131478855,1756903692454.998000
1756903692.6094096,4354.56,0.0075,sell,131478856,1756903692455.004000
1756903692.6094096,4354.56,0.0115,sell,131478857,1756903692455.669000
1756903692.7004879,4354.56,0.0076,sell,131478858,1756903692549.915000
1756903693.4796736,4354.56,1.0969,sell,131478859,1756903693327.615000
1756903693.5094178,4354.56,0.0009,sell,131478860,1756903693356.598000
1756903693.5094178,4354.56,0.0104,sell,131478861,1756903693356.659000
1756903693.6857252,4354.56,0.0229,sell,131478862,1756903693536.498000
1756903693.6857252,4354.56,0.034,sell,131478863,1756903693536.505000
1756903693.6897385,4354.52,0.002,sell,131478864,1756903693539.690000
1756903693.7039957,4354.48,0.004,sell,131478865,1756903693555.121000
1756903694.3200443,4354.43,0.0101,sell,131478866,1756903694170.840000
1756903694.6459575,4354.43,3.3612,sell,131478867,1756903694496.727000
1756903695.127935,4354.43,0.0128,sell,131478868,1756903694978.057000
1756903695.1284606,4354.43,0.0012,sell,131478869,1756903694978.066000
1756903695.2242343,4354.43,1.7926,sell,131478870,1756903695072.631000
1756903695.2263997,4354.44,0.104,buy,131478871,1756903695076.343000
1756903695.227419,4354.44,0.103,buy,131478872,1756903695076.350000
1756903695.227419,4354.44,0.103,buy,131478873,1756903695076.356000
1756903695.2300098,4354.44,0.0199,buy,131478874,1756903695076.362000
1756903695.2300098,4354.44,0.0143,buy,131478875,1756903695076.375000
1756903695.2300098,4354.44,0.36,buy,131478876,1756903695076.381000
1756903695.2305188,4354.44,0.0799,buy,131478877,1756903695076.386000
1756903695.2356932,4354.44,0.0799,buy,131478878,1756903695076.419000
1756903695.2356932,4354.44,0.04,buy,131478879,1756903695076.428000
1756903695.2356932,4354.45,0.1597,buy,131478880,1756903695077.492000
1756903695.2356932,4354.54,0.002,buy,131478881,1756903695088.321000
1756903695.2356932,4354.54,0.0799,buy,131478882,1756903695088.335000
1756903695.2356932,4354.54,0.0799,buy,131478883,1756903695088.339000
1756903695.2356932,4354.54,0.0799,buy,131478884,1756903695088.343000
1756903695.2356932,4354.54,0.04,buy,131478885,1756903695088.347000
1756903695.2356932,4354.54,0.0343,buy,131478886,1756903695088.352000
1756903695.2356932,4354.56,0.02,buy,131478887,1756903695088.355000
1756903695.2356932,4354.57,0.03,buy,131478888,1756903695088.378000
1756903695.2422564,4354.57,0.03,buy,131478889,1756903695088.383000
1756903695.2422564,4354.58,0.004,buy,131478890,1756903695088.387000
1756903695.2422564,4354.54,0.104,buy,131478891,1756903695090.101000
1756903695.2422564,4354.54,0.0343,buy,131478892,1756903695092.324000
1756903695.3769286,4354.62,0.5276,sell,131478893,1756903695225.803000
1756903695.3769286,4354.62,0.4743,sell,131478894,1756903695225.816000
1756903695.4717243,4354.66,0.008,buy,131478895,1756903695319.447000
1756903695.4717243,4354.69,0.1606,buy,131478896,1756903695319.458000
1756903695.511967,4354.82,0.016,buy,131478897,1756903695360.465000
1756903695.511967,4354.82,0.1598,buy,131478898,1756903695360.474000
1756903695.527877,4354.95,0.1633,buy,131478899,1756903695377.589000
1756903695.534933,4354.96,0.023,buy,131478900,1756903695388.615000
1756903695.5394669,4354.96,0.023,buy,131478901,1756903695389.674000
1756903695.5681665,4355.01,0.023,buy,131478902,1756903695418.379000
1756903695.5702345,4355.01,0.104,buy,131478903,1756903695418.402000
1756903695.9366744,4355.06,0.023,sell,131478904,1756903695784.795000
1756903696.4042747,4355.07,2.6891,buy,131478905,1756903696254.523000
1756903696.57279,4355.07,0.1652,buy,131478906,1756903696421.369000
1756903696.57279,4355.07,0.104,buy,131478907,1756903696421.387000
1756903696.57279,4355.07,0.0799,buy,131478908,1756903696421.397000
1756903696.57279,4355.07,0.9757,buy,131478909,1756903696421.403000
1756903696.57279,4355.07,0.1,buy,131478910,1756903696421.409000
1756903696.57279,4355.07,0.0229,buy,131478911,1756903696421.424000
1756903696.57279,4355.07,0.0161,buy,131478912,1756903696421.431000
1756903696.57279,4355.1,0.0164,buy,131478913,1756903696421.444000
1756903696.57279,4355.1,0.0085,buy,131478914,1756903696421.450000
1756903696.57279,4355.1,0.0764,buy,131478915,1756903696421.456000
1756903696.5794332,4355.07,0.0799,buy,131478916,1756903696425.069000
1756903696.5794332,4355.11,0.002,buy,131478917,1756903696428.783000
1756903696.5990157,4355.13,0.019,buy,131478918,1756903696448.224000
1756903696.5990157,4355.13,0.1582,buy,131478919,1756903696448.264000
1756903696.5990157,4355.14,0.032,buy,131478920,1756903696448.272000
1756903696.5995395,4355.15,0.0468,buy,131478921,1756903696448.284000
1756903696.5995395,4355.15,0.0086,buy,131478922,1756903696448.290000
1756903696.6037197,4355.15,0.1313,buy,131478923,1756903696453.186000
1756903696.6037197,4355.15,0.004,buy,131478924,1756903696453.205000
1756903696.607307,4355.15,0.1353,buy,131478925,1756903696456.781000
1756903696.6094403,4355.15,0.027,buy,131478926,1756903696460.383000
1756903696.6130552,4355.23,0.008,buy,131478927,1756903696463.769000
1756903696.6264682,4355.32,0.0178,buy,131478928,1756903696474.962000
1756903696.6353714,4355.34,0.1652,buy,131478929,1756903696484.627000
1756903696.6374435,4355.39,0.016,buy,131478930,1756903696486.676000
1756903696.6374435,4355.4,0.1,buy,131478931,1756903696486.685000
1756903696.671234,4355.5,0.1571,buy,131478932,1756903696520.783000
1756903696.6732945,4355.5,0.1571,buy,131478933,1756903696524.540000
1756903696.7477589,4355.49,0.0086,sell,131478934,1756903696597.232000
1756903696.9675653,4355.5,5.073,buy,131478935,1756903696817.570000
1756903697.2052314,4355.5,0.0799,buy,131478936,1756903697051.613000
1756903697.205738,4355.5,0.0799,buy,131478937,1756903697051.617000
1756903697.2858887,4355.63,0.0035,buy,131478938,1756903697132.947000
1756903697.3694496,4355.63,0.9757,buy,131478939,1756903697219.915000
1756903697.3694496,4355.63,0.002,buy,131478940,1756903697219.946000
1756903697.5513022,4355.66,0.019,sell,131478941,1756903697401.689000
1756903697.5611377,4355.67,1.4643,buy,131478942,1756903697413.505000
1756903698.1916032,4355.67,0.004,buy,131478943,1756903698042.961000
1756903698.1916032,4355.67,0.0229,buy,131478944,1756903698042.972000
1756903698.2555468,4355.7,0.1613,buy,131478945,1756903698104.648000
1756903698.2560704,4355.7,0.0229,buy,131478946,1756903698104.656000
1756903698.2565935,4355.71,0.011,buy,131478947,1756903698104.667000
1756903698.2565935,4355.71,0.002,buy,131478948,1756903698104.677000
1756903698.2665565,4355.7,0.0538,buy,131478949,1756903698118.325000
1756903698.269802,4355.7,0.1042,buy,131478950,1756903698120.237000
1756903698.270315,4355.74,0.0328,buy,131478951,1756903698120.243000
1756903698.270315,4355.74,0.017,buy,131478952,1756903698120.251000
1756903698.2708435,4355.75,0.004,buy,131478953,1756903698120.261000
1756903698.369241,4355.76,0.0233,sell,131478954,1756903698218.740000
1756903698.3957317,4355.76,1.0225,sell,131478955,1756903698246.282000
1756903698.3962526,4355.76,0.2094,sell,131478956,1756903698246.291000
1756903699.1741245,4355.76,0.013,sell,131478957,1756903699026.433000
1756903699.2038426,4355.76,0.2481,sell,131478958,1756903699053.254000
1756903699.3001053,4355.77,2.5175,buy,131478959,1756903699145.619000
1756903739.9544466,4353.8,0.0092,sell,131479257,1756903739808.327000
1756903740.0323145,4353.8,3.712,sell,131479258,1756903739886.645000
1756903740.6354177,4353.8,1.8631,sell,131479259,1756903740486.303000
1756903740.771693,4353.8,0.0134,sell,131479260,1756903740621.817000
1756903741.1983736,4353.8,4.0713,sell,131479261,1756903741049.262000
1756903741.3164184,4353.8,0.0071,sell,131479262,1756903741155.111000
1756903741.3445425,4353.59,0.0071,sell,131479263,1756903741195.141000
1756903741.3445425,4353.59,0.5354,sell,131479264,1756903741195.150000
1756903741.3445425,4353.58,0.002,sell,131479265,1756903741195.156000
1756903741.34659,4353.54,0.004,sell,131479266,1756903741195.164000
1756903741.5880525,4353.46,0.008,sell,131479267,1756903741437.311000
1756903741.5880525,4353.46,0.0099,sell,131479268,1756903741437.338000
1756903742.2853055,4353.3,0.016,sell,131479269,1756903742135.385000
1756903742.285831,4353.16,0.023,sell,131479270,1756903742135.415000
1756903742.285831,4353.05,0.023,sell,131479271,1756903742135.422000
1756903742.365419,4353.01,1.6454,buy,131479272,1756903742215.044000
1756903742.3980708,4353.0,0.021,sell,131479273,1756903742247.684000
1756903742.9538684,4353.01,0.2516,buy,131479274,1756903742802.295000
1756903743.2131708,4353.0,0.0083,sell,131479275,1756903743062.137000
1756903743.5370328,4353.01,4.9621,buy,131479276,1756903743386.372000
1756903744.016557,4353.0,0.028,sell,131479277,1756903743868.145000
1756903744.108472,4353.0,1.5907,sell,131479278,1756903743960.020000
1756903744.4017377,4353.0,0.485,sell,131479279,1756903744246.813000
1756903744.402268,4353.0,0.176,sell,131479280,1756903744250.873000
1756903744.411551,4353.0,1.0847,sell,131479281,1756903744256.796000
1756903744.7846494,4353.0,0.139,sell,131479282,1756903744632.980000
1756903744.7846494,4353.0,0.0026,sell,131479283,1756903744633.248000
1756903744.7846494,4353.0,1.0679,sell,131479284,1756903744633.642000
1756903744.7851665,4353.0,0.6951,sell,131479285,1756903744634.628000
1756903744.7851665,4353.0,0.033,sell,131479286,1756903744634.646000
1756903744.78777,4352.96,0.002,sell,131479287,1756903744637.646000
1756903744.788805,4352.92,0.004,sell,131479288,1756903744637.655000
1756903744.7903614,4352.91,0.4601,sell,131479289,1756903744637.660000
1756903744.7903614,4352.9,0.0235,sell,131479290,1756903744637.689000
1756903744.7919247,4352.9,0.004,sell,131479291,1756903744638.190000
1756903744.796639,4352.84,0.008,sell,131479292,1756903744648.049000
1756903744.797148,4352.68,0.016,sell,131479293,1756903744648.063000
1756903744.7976668,4352.66,0.011,sell,131479294,1756903744648.081000
1756903744.8168187,4352.51,3.8894,sell,131479295,1756903744662.343000
1756903744.8399568,4352.51,0.0034,sell,131479296,1756903744688.869000
1756903744.8399568,4352.51,0.0106,sell,131479297,1756903744688.883000
1756903745.2144861,4352.51,0.104,sell,131479298,1756903745065.485000
1756903745.2154949,4352.51,0.0844,sell,131479299,1756903745065.495000
1756903745.217055,4352.51,0.0229,sell,131479300,1756903745065.506000
1756903745.217055,4352.51,0.0293,sell,131479301,1756903745065.512000
1756903745.2745986,4352.42,2.4218,sell,131479302,1756903745125.718000
1756903745.6525142,4352.42,0.0089,sell,131479303,1756903745503.815000
1756903745.8547745,4352.43,0.9857,buy,131479304,1756903745706.477000
1756903746.1292028,4352.42,0.0002,sell,131479305,1756903745979.924000
1756903746.46318,4352.42,0.01,sell,131479306,1756903746312.650000
1756903747.277039,4352.42,0.0129,sell,131479307,1756903747126.957000
1756903747.2791104,4352.42,0.0071,sell,131479308,1756903747126.983000
1756903747.5977778,4352.43,0.2189,buy,131479309,1756903747452.102000
1756903748.1869004,4352.42,4.2863,sell,131479310,1756903748042.885000
1756903748.7674966,4352.42,1.2982,sell,131479311,1756903748616.374000
1756903749.8016913,4352.43,0.0026,buy,131479312,1756903749652.556000
1756903749.8931453,4352.43,0.002,buy,131479313,1756903749743.729000
1756903749.9259586,4352.43,0.004,buy,131479314,1756903749776.692000
1756903749.957598,4352.43,0.004,buy,131479315,1756903749807.599000
1756903749.9994016,4352.43,0.004,buy,131479316,1756903749849.032000
1756903750.0180335,4352.43,0.004,buy,131479317,1756903749870.386000
1756903750.0408578,4352.43,0.002,buy,131479318,1756903749891.367000
1756903750.510816,4352.42,3.9145,sell,131479319,1756903750361.844000
1756903750.5520365,4352.42,0.0099,sell,131479320,1756903750402.293000
1756903750.5520365,4352.42,0.008,sell,131479321,1756903750402.311000
1756903750.5520365,4352.42,0.0229,sell,131479322,1756903750402.319000
1756903750.5520365,4352.42,0.104,sell,131479323,1756903750402.329000
1756903750.5520365,4352.38,0.002,sell,131479324,1756903750402.339000
1756903750.5555542,4352.34,0.004,sell,131479325,1756903750402.346000
1756903750.5555542,4352.33,0.092,sell,131479326,1756903750402.353000
1756903750.5575893,4352.33,0.2407,sell,131479327,1756903750402.363000
1756903751.0954967,4352.34,4.7525,buy,131479328,1756903750945.127000
1756903751.6902485,4352.33,1.9272,sell,131479329,1756903751540.740000
1756903752.257654,4352.34,3.7217,buy,131479330,1756903752107.294000
1756903752.8450327,4352.33,2.6982,sell,131479331,1756903752693.389000
1756903753.4265945,4352.34,2.4762,buy,131479332,1756903753278.124000
1756903754.0034564,4352.34,1.6284,buy,131479333,1756903753853.498000
1756903755.7804701,4352.33,1.4269,sell,131479334,1756903755629.668000
1756903756.3323727,4352.33,2.726,sell,131479335,1756903756181.944000
1756903756.9268963,4352.34,1.3618,buy,131479336,1756903756777.651000
1756903758.0779464,4352.34,4.7812,buy,131479337,1756903757927.857000
1756903758.6607335,4352.34,3.7821,buy,131479338,1756903758509.986000
1756903759.310693,4352.33,0.0637,sell,131479339,1756903759162.662000
1756903759.841222,4352.34,3.1395,buy,131479340,1756903759689.588000
1756903760.411463,4352.34,4.8475,buy,131479341,1756903760261.156000
1756903760.9875195,4352.33,1.436,sell,131479342,1756903760838.114000
1756903761.57988,4352.33,0.0351,sell,131479343,1756903761428.408000
1756903762.1489084,4352.33,2.5488,sell,131479344,1756903762002.414000
1756903762.29187,4352.34,0.0022,buy,131479345,1756903762141.983000
1756903763.3362923,4352.33,3.831,sell,131479346,1756903763186.105000
1756903763.8981593,4352.34,4.9197,buy,131479347,1756903763748.228000
1756903764.000618,4352.34,0.0293,buy,131479348,1756903763851.476000
1756903764.0011396,4352.34,0.0799,buy,131479349,1756903763851.512000
1756903764.0011396,4352.34,0.1,buy,131479350,1756903763851.519000
1756903764.0016594,4352.34,0.104,buy,131479351,1756903763851.539000
1756903764.0053232,4352.34,0.0142,buy,131479352,1756903763851.545000
1756903764.0053232,4352.34,0.467,buy,131479353,1756903763851.551000
1756903764.005835,4352.34,0.0179,buy,131479354,1756903763852.241000
1756903764.006874,4352.34,0.0061,buy,131479355,1756903763857.630000
1756903764.0073948,4352.43,0.1035,buy,131479356,1756903763857.665000
1756903764.4804993,4352.42,0.8295,sell,131479357,1756903764330.110000
1756903766.2272604,4352.43,4.0797,buy,131479358,1756903766075.692000
1756903766.807615,4352.43,3.1804,buy,131479359,1756903766657.835000
1756903767.2300081,4352.43,0.002,buy,131479360,1756903767079.861000
1756903767.2305226,4352.43,0.102,buy,131479361,1756903767079.870000
1756903767.3949301,4352.43,4.8361,buy,131479362,1756903767243.613000
1756903767.8502977,4352.43,0.5216,buy,131479363,1756903767701.459000
1756903767.8502977,4352.43,0.103,buy,131479364,1756903767701.471000
1756903767.8502977,4352.43,0.0229,buy,131479365,1756903767701.479000
1756903767.8502977,4352.43,0.0226,buy,131479366,1756903767701.487000
1756903767.8502977,4352.43,0.0799,buy,131479367,1756903767701.493000
1756903767.8502977,4352.43,0.104,buy,131479368,1756903767701.498000
1756903767.8502977,4352.47,0.004,buy,131479369,1756903767701.531000
1756903767.8555455,4352.47,0.4462,buy,131479370,1756903767701.541000
1756903767.8598664,4352.43,0.103,buy,131479371,1756903767709.132000
1756903767.8598664,4352.43,0.0229,buy,131479372,1756903767709.138000
1756903767.964901,4352.43,5.3877,buy,131479373,1756903767820.909000
1756903768.5197089,4352.43,0.6268,buy,131479374,1756903768372.281000
1756903768.5197089,4352.43,0.6567,buy,131479375,1756903768372.291000
1756903768.5197089,4352.43,0.0199,buy,131479376,1756903768372.298000
1756903768.8091028,4352.49,0.002,buy,131479377,1756903768658.242000
1756903769.1542008,4352.53,2.6145,buy,131479378,1756903769004.533000
1756903769.5193787,4352.52,0.0025,sell,131479379,1756903769371.247000
1756903770.3021896,4352.53,2.9132,buy,131479380,1756903770149.994000
1756903770.9001226,4352.53,3.0479,buy,131479381,1756903770740.944000
1756903771.461552,4352.53,4.3842,buy,131479382,1756903771313.076000
1756903772.044937,4352.53,1.3577,buy,131479383,1756903771896.066000
1756903773.221789,4352.52,0.2302,sell,131479384,1756903773072.282000
1756903774.3725421,4352.53,5.0026,buy,131479385,1756903774223.869000
1756903774.9609277,4352.53,4.8624,buy,131479386,1756903774806.748000
1756903775.543646,4352.53,5.3008,buy,131479387,1756903775392.591000
1756903776.127608,4352.53,1.8308,buy,131479388,1756903775976.083000
1756903777.3357277,4352.53,4.001,buy,131479389,1756903777189.425000
1756903778.4587529,4352.53,3.1817,buy,131479390,1756903778308.283000
1756903779.0412035,4352.53,5.4101,buy,131479391,1756903778888.938000
1756903779.6125157,4352.52,1.4666,sell,131479392,1756903779462.361000
1756903780.2085562,4352.53,2.3616,buy,131479393,1756903780059.816000
1756903780.7735648,4352.53,3.3806,buy,131479394,1756903780625.596000
1756903781.198337,4352.52,0.0143,sell,131479395,1756903781047.137000
1756903781.2203405,4352.43,1.9606,sell,131479396,1756903781068.848000
1756903781.220866,4352.42,0.003,sell,131479397,1756903781068.876000
1756903781.2218966,4352.38,0.002,sell,131479398,1756903781068.884000
1756903781.2218966,4352.38,0.002,sell,131479399,1756903781068.890000
1756903781.2250466,4352.43,0.104,sell,131479400,1756903781073.075000
1756903781.338584,4352.33,0.0829,sell,131479401,1756903781187.546000
1756903781.3390942,4352.33,4.2927,sell,131479402,1756903781187.758000
1756903781.3396232,4352.33,0.1261,sell,131479403,1756903781187.851000
1756903781.3396232,4352.33,0.079,sell,131479404,1756903781189.317000
1756903781.3401408,4352.33,0.2047,sell,131479405,1756903781189.509000
1756903781.3401408,4352.33,0.046,sell,131479406,1756903781189.711000
1756903781.343237,4352.33,1.1558,sell,131479407,1756903781190.475000
1756903781.3442707,4352.33,0.051,sell,131479408,1756903781190.590000
1756903781.3442707,4352.33,0.1723,sell,131479409,1756903781191.722000
1756903781.344782,4352.33,0.218,sell,131479410,1756903781193.141000
1756903781.344782,4352.33,0.0583,sell,131479411,1756903781193.305000
1756903781.3500063,4352.33,0.1729,sell,131479412,1756903781197.975000
1756903781.3505309,4352.33,0.438,sell,131479413,1756903781199.951000
1756903781.3541527,4352.33,0.1978,sell,131479414,1756903781202.997000
1756903781.3541527,4352.33,0.1913,sell,131479415,1756903781204.673000
1756903781.3566735,4352.33,0.1998,sell,131479416,1756903781208.487000
1756903781.365968,4352.33,0.0321,sell,131479417,1756903781214.363000
1756903781.3766468,4352.34,3.9081,buy,131479418,1756903781225.788000
1756903781.3798149,4352.33,0.2293,sell,131479419,1756903781229.122000
1756903781.3798149,4352.33,0.1938,sell,131479420,1756903781229.259000
1756903781.3866386,4352.33,2.1959,sell,131479421,1756903781240.748000
1756903781.3967662,4352.33,2.7771,sell,131479422,1756903781248.806000
1756903781.4077613,4352.33,0.1366,sell,131479423,1756903781253.933000
1756903781.417956,4352.3,0.008,sell,131479424,1756903781266.646000
1756903781.470428,4352.24,0.0184,sell,131479425,1756903781322.684000
1756903781.470428,4352.14,0.016,sell,131479426,1756903781323.924000
1756903781.470428,4352.1,0.01,sell,131479427,1756903781323.943000
1756903781.475947,4351.95,0.023,sell,131479428,1756903781323.950000
1756903781.475947,4351.9,0.023,sell,131479429,1756903781323.956000
1756903781.475947,4351.82,0.032,sell,131479430,1756903781323.962000
1756903781.475947,4351.79,0.0036,sell,131479431,1756903781323.966000
1756903781.4903235,4351.78,9.4215,sell,131479432,1756903781323.975000
1756903781.4903235,4351.7,0.1,sell,131479433,1756903781323.985000
1756903781.4903235,4351.67,0.1615,sell,131479434,1756903781323.993000
1756903781.4903235,4351.64,0.011,sell,131479435,1756903781324.009000
1756903781.4903235,4351.64,0.02,sell,131479436,1756903781324.017000
1756903781.9414608,4351.66,0.4035,sell,131479437,1756903781790.304000
1756903783.1804457,4351.61,0.0115,sell,131479438,1756903783030.464000
1756903783.1809728,4351.61,0.0114,sell,131479439,1756903783030.973000
1756903783.1809728,4351.61,0.0001,sell,131479440,1756903783030.983000
1756903783.1809728,4351.61,0.1029,sell,131479441,1756903783033.264000
1756903783.1809728,4351.61,0.0799,sell,131479442,1756903783033.272000
1756903783.6847684,4351.61,2.9199,sell,131479443,1756903783535.258000
1756903784.2232502,4351.61,0.0863,sell,131479444,1756903784073.540000
1756903784.2470486,4351.62,0.0143,buy,131479445,1756903784097.233000
1756903784.2676032,4351.73,2.2027,buy,131479446,1756903784117.355000
1756903784.2717786,4351.73,0.023,buy,131479447,1756903784122.603000
1756903784.2717786,4351.77,0.02,buy,131479448,1756903784122.621000
1756903784.2723079,4351.78,0.023,buy,131479449,1756903784122.627000
1756903786.0373435,4351.88,2.5085,buy,131479450,1756903785886.910000
1756903787.7571678,4351.88,3.6009,buy,131479451,1756903787609.252000
1756903787.8760052,4351.87,0.0365,sell,131479452,1756903787726.261000
1756903788.5271492,4351.87,0.0115,sell,131479453,1756903788378.482000
1756903788.5292547,4351.87,0.0028,sell,131479454,1756903788379.450000
1756903788.757793,4351.61,0.017,sell,131479455,1756903788607.379000
1756903788.758308,4351.61,0.104,sell,131479456,1756903788607.394000
1756903788.758308,4351.61,0.0665,sell,131479457,1756903788607.401000
1756903789.507819,4351.57,1.3406,sell,131479458,1756903789357.230000
1756903790.6680794,4351.57,1.6871,sell,131479459,1756903790523.597000
1756903791.8920615,4351.58,4.8833,buy,131479460,1756903791742.996000
1756903792.428108,4351.58,3.5283,buy,131479461,1756903792276.972000
1756903793.0028179,4351.57,2.3127,sell,131479462,1756903792851.177000
1756903793.5821953,4351.58,2.5782,buy,131479463,1756903793433.895000
1756903794.7435713,4351.57,3.9426,sell,131479464,1756903794593.774000
1756903795.3285918,4351.57,1.4209,sell,131479465,1756903795179.982000
1756903795.9638116,4351.57,0.5544,sell,131479466,1756903795813.087000
1756903797.6703558,4351.57,0.1745,sell,131479467,1756903797519.180000
1756903797.924673,4351.58,0.0023,buy,131479468,1756903797777.228000
1756903798.297317,4351.57,0.002,sell,131479469,1756903798148.301000
1756903798.297317,4351.57,0.104,sell,131479470,1756903798148.315000
1756903798.2993293,4351.57,0.007,sell,131479471,1756903798148.326000
1756903798.2993293,4351.57,0.6299,sell,131479472,1756903798148.334000
1756903798.2993293,4351.57,0.02,sell,131479473,1756903798148.345000
1756903798.2993293,4351.57,0.1,sell,131479474,1756903798148.352000
1756903798.2993293,4351.57,0.0229,sell,131479475,1756903798148.386000
1756903798.2993293,4351.57,0.04,sell,131479476,1756903798148.399000
1756903798.3013358,4351.57,0.0799,sell,131479477,1756903798148.408000
1756903798.3013358,4351.57,0.0799,sell,131479478,1756903798148.415000
1756903798.3013358,4351.57,0.0799,sell,131479479,1756903798148.420000
1756903798.3013358,4351.57,0.0797,sell,131479480,1756903798148.453000
1756903798.3013358,4351.57,0.0799,sell,131479481,1756903798148.461000
1756903798.3023424,4351.57,0.0023,sell,131479482,1756903798148.469000
1756903798.3023424,4351.57,0.0798,sell,131479483,1756903798148.475000
1756903798.302857,4351.57,0.0799,sell,131479484,1756903798148.482000
1756903798.302857,4351.54,0.0102,sell,131479485,1756903798154.480000
1756903798.3048706,4351.53,0.002,sell,131479486,1756903798154.492000
1756903798.3048706,4351.49,0.004,sell,131479487,1756903798154.499000
1756903798.3048706,4351.48,0.0984,sell,131479488,1756903798154.503000
1756903798.307437,4351.41,0.008,sell,131479489,1756903798154.512000
1756903798.3104625,4351.25,0.016,sell,131479490,1756903798157.467000
1756903798.3104625,4351.04,0.0115,sell,131479491,1756903798159.277000
1756903798.31247,4351.04,0.0115,sell,131479492,1756903798161.762000
1756903798.3191285,4351.04,0.091,sell,131479493,1756903798166.821000
1756903798.445685,4350.93,0.022,sell,131479494,1756903798296.588000
1756903798.557086,4350.93,0.01,sell,131479495,1756903798408.546000
1756903798.557086,4350.85,0.0088,sell,131479496,1756903798408.567000
1756903798.557086,4350.68,0.0042,sell,131479497,1756903798408.573000
1756903798.5595977,4350.68,0.023,sell,131479498,1756903798410.329000
1756903798.6711292,4350.68,0.0728,sell,131479499,1756903798518.725000
1756903798.6711292,4350.68,0.104,sell,131479500,1756903798518.735000
1756903798.6711292,4350.66,0.0202,sell,131479501,1756903798518.746000
1756903798.6746454,4350.62,0.011,sell,131479502,1756903798518.752000
1756903798.6746454,4350.52,0.023,sell,131479503,1756903798518.760000
1756903798.677161,4350.49,0.5198,sell,131479504,1756903798518.770000
1756903798.677161,4350.29,0.064,sell,131479505,1756903798518.775000
1756903798.677161,4350.25,0.001,sell,131479506,1756903798518.783000
1756903799.4100928,4350.24,3.4968,sell,131479507,1756903799261.101000
1756903800.8954031,4350.25,0.1,buy,131479508,1756903800745.110000
1756903800.8959177,4350.25,0.0143,buy,131479509,1756903800745.125000
1756903800.8964305,4350.25,0.25,buy,131479510,1756903800745.132000
1756903800.8964305,4350.33,0.2236,buy,131479511,1756903800745.138000
1756903800.9026427,4350.33,0.077,buy,131479512,1756903800750.349000
1756903800.9026427,4350.33,0.038,buy,131479513,1756903800750.484000
1756903800.9031549,4350.33,0.2493,buy,131479514,1756903800751.072000
1756903800.9031549,4350.36,0.002,buy,131479515,1756903800751.087000
1756903800.9057655,4350.4,0.004,buy,131479516,1756903800755.113000
1756903800.9057655,4350.48,0.008,buy,131479517,1756903800755.123000
1756903801.214608,4350.64,0.016,buy,131479518,1756903801062.922000
1756903801.214608,4350.64,0.0799,buy,131479519,1756903801062.946000
1756903801.214608,4350.64,0.04,buy,131479520,1756903801062.951000
1756903801.214608,4350.64,0.0799,buy,131479521,1756903801062.958000
1756903801.2162144,4350.64,0.5169,buy,131479522,1756903801062.963000
1756903801.2162144,4350.64,0.001,buy,131479523,1756903801062.970000
1756903801.217266,4350.64,0.103,buy,131479524,1756903801062.977000
1756903801.2198708,4350.75,0.5402,buy,131479525,1756903801062.981000
1756903801.4922907,4350.64,1.3282,buy,131479526,1756903801342.465000
1756903802.739202,4350.64,0.4094,buy,131479527,1756903802590.005000
1756903802.8942692,4350.68,0.002,buy,131479528,1756903802743.147000
1756903802.899562,4350.72,0.004,buy,131479529,1756903802752.735000
1756903802.899562,4350.72,0.002,buy,131479530,1756903802752.743000
1756903802.9063547,4350.72,0.013,buy,131479531,1756903802758.016000
1756903802.9063547,4350.72,0.06,buy,131479532,1756903802758.162000
1756903802.9063547,4350.72,0.038,buy,131479533,1756903802759.092000
1756903802.9063547,4350.72,0.01,buy,131479534,1756903802760.618000
1756903802.9127147,4350.72,0.017,buy,131479535,1756903802762.972000
1756903802.9127147,4350.72,0.026,buy,131479536,1756903802763.252000
1756903802.9167762,4350.72,0.019,buy,131479537,1756903802767.908000
1756903802.9167762,4350.72,0.032,buy,131479538,1756903802768.213000
1756903802.9204388,4350.72,0.005,buy,131479539,1756903802770.202000
1756903802.9231672,4350.72,0.018,buy,131479540,1756903802772.650000
1756903802.926819,4350.72,0.3029,buy,131479541,1756903802777.143000
1756903802.9289126,4350.8,0.008,buy,131479542,1756903802779.381000
1756903803.0354111,4350.94,0.4,buy,131479543,1756903802884.758000
1756903803.0410666,4350.94,0.151,buy,131479544,1756903802885.017000
1756903803.0410666,4350.96,0.016,buy,131479545,1756903802885.514000
1756903803.0410666,4351.01,0.0325,buy,131479546,1756903802886.514000
1756903803.0532584,4351.14,0.0764,buy,131479547,1756903802904.421000
1756903803.1123073,4351.28,0.032,buy,131479548,1756903802962.364000
1756903803.112829,4351.28,0.104,buy,131479549,1756903802962.374000
1756903803.1133525,4351.35,0.023,buy,131479550,1756903802962.378000
1756903803.1133525,4351.36,0.008,buy,131479551,1756903802962.389000
1756903803.1404836,4351.39,1.4321,sell,131479552,1756903802989.701000
1756903803.1404836,4351.39,0.9757,sell,131479553,1756903802989.707000
1756903803.1404836,4351.39,1.5568,sell,131479554,1756903802989.712000
1756903803.1404836,4351.39,0.104,sell,131479555,1756903802989.716000
1756903803.1404836,4351.39,0.0853,sell,131479556,1756903802989.722000
1756903803.1404836,4351.39,0.04,sell,131479557,1756903802989.728000
1756903803.1424918,4351.39,0.1,sell,131479558,1756903802989.749000
1756903803.1424918,4351.39,0.5276,sell,131479559,1756903802989.763000
1756903803.1424918,4351.39,0.0798,sell,131479560,1756903802989.768000
1756903803.1424918,4351.39,0.5355,sell,131479561,1756903802989.773000
1756903803.1424918,4351.39,0.0799,sell,131479562,1756903802989.783000
1756903803.1424918,4351.39,0.6246,sell,131479563,1756903802989.789000
1756903803.1424918,4351.39,0.1653,sell,131479564,1756903802989.795000
1756903803.1424918,4351.39,0.3349,sell,131479565,1756903802989.801000
1756903803.1424918,4351.39,0.103,sell,131479566,1756903802989.807000
1756903803.1424918,4351.35,0.8121,sell,131479567,1756903802989.813000
1756903803.1424918,4351.35,0.103,sell,131479568,1756903802989.817000
1756903803.1424918,4351.34,0.8032,sell,131479569,1756903802989.832000
1756903803.1424918,4351.34,0.5646,sell,131479570,1756903802989.845000
1756903803.1424918,4351.27,1.5568,sell,131479571,1756903802989.848000
1756903803.1460996,4351.27,1.5736,sell,131479572,1756903802989.853000
1756903803.3974872,4351.39,0.0225,sell,131479573,1756903803246.923000
1756903803.4216163,4351.39,0.0225,sell,131479574,1756903803270.463000
1756903804.0061233,4351.39,3.8362,sell,131479575,1756903803856.906000
1756903804.1856713,4351.39,0.0225,sell,131479576,1756903804035.927000
1756903804.2025623,4351.39,0.014,sell,131479577,1756903804048.619000
1756903806.6591363,4351.39,0.023,sell,131479578,1756903806508.907000
1756903807.7693028,4351.39,5.2156,sell,131479579,1756903807615.742000
1756903807.9270785,4351.39,0.0477,sell,131479580,1756903807775.516000
1756903808.3780196,4351.39,0.0304,sell,131479581,1756903808227.538000
1756903808.7365692,4351.39,0.104,sell,131479582,1756903808588.209000
1756903808.7466803,4351.39,0.038,sell,131479583,1756903808596.798000
1756903808.7466803,4351.39,0.0975,sell,131479584,1756903808597.142000
1756903808.7466803,4351.39,0.0143,sell,131479585,1756903808597.148000
1756903808.858311,4351.2,0.002,sell,131479586,1756903808709.262000
1756903808.9377263,4351.16,0.004,sell,131479587,1756903808789.156000
1756903808.9387589,4351.08,0.008,sell,131479588,1756903808789.443000
1756903808.948051,4350.92,0.016,sell,131479589,1756903808798.559000
1756903808.9538295,4350.81,0.114,sell,131479590,1756903808803.352000
1756903809.0130873,4350.67,1.6284,sell,131479591,1756903808862.852000
1756903809.2700746,4350.67,0.0066,sell,131479592,1756903809120.034000
1756903809.2700746,4350.67,0.104,sell,131479593,1756903809120.075000
1756903809.2721543,4350.67,0.0064,sell,131479594,1756903809120.081000
1756903809.678697,4350.67,0.1259,sell,131479595,1756903809528.229000
1756903809.6818435,4350.67,0.023,sell,131479596,1756903809531.881000
1756903809.7124252,4350.67,0.1728,sell,131479597,1756903809565.017000
1756903809.8325632,4350.67,0.104,sell,131479598,1756903809683.326000
1756903809.8325632,4350.67,0.017,sell,131479599,1756903809683.333000
1756903809.8325632,4350.67,0.0399,sell,131479600,1756903809683.340000
1756903809.8325632,4350.67,0.0354,sell,131479601,1756903809683.348000
1756903809.8325632,4350.67,0.1801,sell,131479602,1756903809683.355000
1756903809.9914908,4350.67,0.0674,sell,131479603,1756903809841.734000
1756903810.2642987,4350.67,0.1577,sell,131479604,1756903810115.251000
1756903810.2937353,4350.67,3.5742,sell,131479605,1756903810143.798000
1756903811.528017,4350.67,3.1483,sell,131479606,1756903811377.577000
1756903812.7783105,4350.67,2.7025,sell,131479607,1756903812627.661000
1756903814.0381157,4350.68,1.2078,buy,131479608,1756903813888.779000
1756903814.5198336,4350.67,0.1575,sell,131479609,1756903814370.597000
1756903814.6607516,4350.67,0.0495,sell,131479610,1756903814507.323000
1756903814.864102,4350.67,0.023,sell,131479611,1756903814711.324000
1756903815.127968,4350.67,0.009,sell,131479612,1756903814976.383000
1756903815.76083,4350.63,0.002,sell,131479613,1756903815608.254000
1756903815.76083,4350.6,0.0229,sell,131479614,1756903815608.271000
1756903815.76083,4350.59,0.004,sell,131479615,1756903815608.279000
1756903815.76083,4350.53,0.5938,sell,131479616,1756903815608.290000
1756903815.76083,4350.51,0.008,sell,131479617,1756903815608.297000
1756903815.8048918,4350.35,0.016,sell,131479618,1756903815655.775000
1756903815.805421,4350.35,0.0487,sell,131479619,1756903815655.788000
1756903815.8090582,4350.35,0.115,sell,131479620,1756903815658.588000
1756903816.542364,4350.15,4.6683,sell,131479621,1756903816392.966000
1756903817.8053613,4350.16,0.4443,buy,131479622,1756903817654.686000
1756903818.0100458,4350.15,0.0742,sell,131479623,1756903817859.997000
1756903818.011056,4350.15,0.0095,sell,131479624,1756903817861.018000
1756903818.011056,4350.15,0.017,sell,131479625,1756903817861.049000
1756903818.011056,4350.15,0.3217,sell,131479626,1756903817861.070000
1756903818.011056,4350.15,0.1962,sell,131479627,1756903817862.930000
1756903818.011056,4350.15,0.104,sell,131479628,1756903817862.939000
1756903818.0135636,4350.11,0.002,sell,131479629,1756903817862.946000
1756903818.0135636,4350.07,0.004,sell,131479630,1756903817863.674000
1756903818.0135636,4350.07,0.2287,sell,131479631,1756903817863.681000
1756903818.0135636,4350.07,0.2327,sell,131479632,1756903817863.892000
1756903818.0135636,4350.07,0.1145,sell,131479633,1756903817863.960000
1756903818.0150714,4350.03,0.001,sell,131479634,1756903817863.966000
1756903818.1339033,4349.99,0.008,sell,131479635,1756903817984.276000
1756903818.2546973,4349.84,0.0114,buy,131479636,1756903818104.271000
1756903818.5540655,4349.83,0.016,sell,131479637,1756903818403.272000
1756903818.5540655,4349.83,0.017,sell,131479638,1756903818403.288000
1756903819.0521383,4349.79,2.9707,sell,131479639,1756903818903.303000
1756903819.3366568,4349.79,0.002,sell,131479640,1756903819185.951000
1756903819.511154,4349.75,0.004,sell,131479641,1756903819360.969000
1756903819.511154,4349.7,0.002,sell,131479642,1756903819360.987000
1756903819.511677,4349.67,0.008,sell,131479643,1756903819360.993000
1756903819.512713,4349.66,0.004,sell,131479644,1756903819360.997000
1756903819.512713,4349.6,0.011,sell,131479645,1756903819361.002000
1756903819.5132306,4349.58,0.0124,sell,131479646,1756903819361.010000
1756903819.5132306,4349.58,0.008,sell,131479647,1756903819361.018000
1756903819.5132306,4349.53,0.0018,sell,131479648,1756903819361.024000
1756903819.5132306,4349.51,0.016,sell,131479649,1756903819361.033000
1756903819.5132306,4349.43,0.0091,sell,131479650,1756903819361.038000
1756903819.5132306,4349.42,0.0037,sell,131479651,1756903819361.045000
1756903820.1123965,4349.42,0.0123,sell,131479652,1756903819963.283000
1756903820.1129026,4349.42,0.104,sell,131479653,1756903819963.293000
1756903820.32256,4349.22,0.0023,buy,131479654,1756903820173.704000
1756903821.364833,4349.21,0.1154,sell,131479655,1756903821213.898000
1756903821.587466,4349.21,0.5793,sell,131479656,1756903821438.310000
1756903822.8302405,4349.1,4.5281,sell,131479657,1756903822680.039000
1756903823.030107,4349.1,0.002,sell,131479658,1756903822880.047000
1756903823.030107,4349.1,0.021,sell,131479659,1756903822880.060000
1756903823.030107,4349.1,0.023,sell,131479660,1756903822880.562000
1756903825.3311634,4349.1,4.6503,sell,131479661,1756903825178.234000
1756903826.0268285,4349.11,0.4853,buy,131479662,1756903825881.335000
1756903826.3330708,4349.1,0.0011,sell,131479663,1756903826182.876000
1756903827.5050983,4349.1,0.0589,sell,131479664,1756903827355.587000
1756903827.5050983,4349.1,0.003,sell,131479665,1756903827355.602000
1756903827.5050983,4349.1,0.0046,sell,131479666,1756903827355.611000
1756903827.7081604,4349.1,0.0799,sell,131479667,1756903827556.308000
1756903827.8414931,4349.1,3.1818,sell,131479668,1756903827691.412000
1756903827.8527882,4349.1,0.1193,sell,131479669,1756903827703.827000
1756903827.8820195,4349.1,0.1,sell,131479670,1756903827732.097000
1756903827.886017,4349.1,0.045,sell,131479671,1756903827732.133000
1756903827.886017,4349.1,0.059,sell,131479672,1756903827732.139000
1756903827.886017,4349.1,0.1345,sell,131479673,1756903827732.151000
1756903828.0970333,4349.1,0.0115,sell,131479674,1756903827944.220000
1756903828.0970333,4349.1,0.0115,sell,131479675,1756903827944.524000
1756903828.1026373,4349.07,0.023,sell,131479676,1756903827952.629000
1756903828.1046643,4349.07,0.023,sell,131479677,1756903827955.368000
1756903828.109332,4349.07,0.023,sell,131479678,1756903827961.083000
1756903828.888889,4349.05,0.002,sell,131479679,1756903828738.046000
1756903829.140355,4349.01,1.315,sell,131479680,1756903828991.294000
1756903830.2146978,4349.02,0.0023,buy,131479681,1756903830065.517000
1756903830.3637512,4349.01,4.2103,sell,131479682,1756903830212.269000
1756903831.5591495,4349.01,0.004,sell,131479683,1756903831409.163000
1756903831.5591495,4349.01,0.1,sell,131479684,1756903831409.180000
1756903831.6016288,4348.97,0.002,sell,131479685,1756903831452.567000
1756903831.6016288,4348.93,0.004,sell,131479686,1756903831452.596000
1756903831.6162064,4348.85,2.1703,sell,131479687,1756903831466.481000
1756903831.648379,4348.85,0.008,sell,131479688,1756903831498.200000
1756903831.648379,4348.82,0.096,sell,131479689,1756903831498.212000
1756903831.6542528,4348.82,0.2155,sell,131479690,1756903831504.869000
1756903831.658971,4348.69,0.016,sell,131479691,1756903831509.657000
1756903831.658971,4348.69,7.5281,sell,131479692,1756903831509.668000
1756903832.469758,4348.6,0.0052,buy,131479693,1756903832318.113000
1756903832.4801717,4348.6,0.0016,buy,131479694,1756903832330.131000
1756903832.7004213,4348.59,0.011,sell,131479695,1756903832551.650000
1756903832.7004213,4348.59,0.0114,sell,131479696,1756903832551.666000
1756903832.8662307,4348.6,0.7581,buy,131479697,1756903832714.277000
1756903832.885983,4348.6,0.0962,buy,131479698,1756903832733.764000
1756903832.885983,4348.6,0.103,buy,131479699,1756903832733.773000
1756903832.886511,4348.6,0.0143,buy,131479700,1756903832733.781000
1756903832.886511,4348.6,0.9757,buy,131479701,1756903832733.800000
1756903832.9021811,4348.68,0.0559,buy,131479702,1756903832753.403000
1756903832.9021811,4348.69,0.3023,buy,131479703,1756903832753.416000
1756903834.2059467,4348.78,2.8203,buy,131479704,1756903834055.888000
1756903835.3671474,4348.77,2.7001,sell,131479705,1756903835217.816000
1756903836.626229,4348.77,4.8261,sell,131479706,1756903836473.353000
1756903837.5242927,4348.77,0.014,sell,131479707,1756903837374.186000
1756903837.5305228,4348.77,0.0003,sell,131479708,1756903837385.049000
1756903837.5305228,4348.77,0.0507,sell,131479709,1756903837385.063000
1756903837.5375564,4348.77,0.018,sell,131479710,1756903837385.606000
1756903838.4164658,4348.69,0.002,sell,131479711,1756903838269.329000
1756903838.4164658,4348.69,0.021,sell,131479712,1756903838269.355000
1756903838.4164658,4348.69,0.023,sell,131479713,1756903838270.367000
1756903839.1351829,4348.69,3.4787,sell,131479714,1756903838985.480000
1756903840.1478715,4348.7,0.0077,buy,131479715,1756903839996.260000
1756903841.6489017,4348.69,1.7648,sell,131479716,1756903841497.402000
1756903842.3241558,4348.7,0.0143,buy,131479717,1756903842177.986000
1756903842.3241558,4348.7,0.0187,buy,131479718,1756903842177.992000
1756903842.3290691,4348.7,0.1,buy,131479719,1756903842177.997000
1756903842.3290691,4348.7,0.0133,buy,131479720,1756903842178.001000
1756903842.3290691,4348.7,0.0897,buy,131479721,1756903842178.315000
1756903844.1657808,4348.76,2.8428,buy,131479722,1756903844015.190000
1756903845.6028676,4348.76,0.002,buy,131479723,1756903845454.414000
1756903845.6028676,4348.76,0.1645,buy,131479724,1756903845454.425000
1756903845.6028676,4348.76,0.0343,buy,131479725,1756903845454.432000
1756903845.6028676,4348.76,0.5834,buy,131479726,1756903845454.440000
1756903845.6028676,4348.76,0.0229,buy,131479727,1756903845454.447000
1756903845.6028676,4348.76,0.02,buy,131479728,1756903845454.453000
1756903845.616523,4348.8,0.004,buy,131479729,1756903845463.669000
1756903845.616523,4348.8,0.061,buy,131479730,1756903845463.675000
1756903845.616523,4348.88,0.008,buy,131479731,1756903845464.263000
1756903845.616523,4348.9,0.005,buy,131479732,1756903845464.490000
1756903845.616523,4348.9,0.295,buy,131479733,1756903845465.672000
1756903845.6243992,4349.04,0.016,buy,131479734,1756903845474.319000
1756903845.627371,4349.06,0.023,buy,131479735,1756903845474.460000
1756903845.627371,4349.07,0.4165,buy,131479736,1756903845474.495000
1756903845.7233188,4349.18,0.023,buy,131479737,1756903845572.569000
1756903845.920859,4349.28,0.008,buy,131479738,1756903845733.692000
1756903845.920859,4349.28,0.0007,buy,131479739,1756903845733.891000
1756903845.920859,4349.28,0.5746,buy,131479740,1756903845733.901000
1756903845.920859,4349.29,0.087,buy,131479741,1756903845733.910000
1756903845.920859,4349.36,0.0078,buy,131479742,1756903845769.031000
1756903845.920859,4349.36,0.032,buy,131479743,1756903845769.040000
1756903845.961736,4349.46,0.003,buy,131479744,1756903845809.505000
1756903846.3574767,4349.45,0.4924,sell,131479745,1756903846208.278000
1756903846.3702886,4349.46,0.0248,buy,131479746,1756903846219.684000
1756903846.3708515,4349.46,0.008,buy,131479747,1756903846219.712000
1756903846.4307528,4349.5,1.4962,buy,131479748,1756903846272.764000
1756903847.4375575,4349.5,0.002,buy,131479749,1756903847287.854000
1756903847.438082,4349.5,0.0229,buy,131479750,1756903847287.871000
1756903847.4386058,4349.5,0.006,buy,131479751,1756903847287.878000
1756903847.4391265,4349.52,0.4377,buy,131479752,1756903847288.903000
1756903847.4454021,4349.54,0.002,buy,131479753,1756903847295.168000
1756903847.4459155,4349.58,0.004,buy,131479754,1756903847295.203000
1756903847.4459155,4349.6,0.011,buy,131479755,1756903847295.210000
1756903847.4459155,4349.62,0.008,buy,131479756,1756903847295.220000
1756903851.1462822,4349.65,0.014,sell,131479757,1756903850997.220000
1756903851.1511576,4349.65,0.0003,sell,131479758,1756903851003.041000
1756903851.1540098,4349.62,0.002,sell,131479759,1756903851003.050000
1756903851.1540098,4349.58,0.0017,sell,131479760,1756903851003.062000
1756903851.6827614,4349.58,0.0003,sell,131479761,1756903851532.834000
1756903851.6827614,4349.58,0.0227,sell,131479762,1756903851532.847000
1756903851.7001302,4349.58,0.023,sell,131479763,1756903851553.606000
1756903852.4812849,4349.54,0.0023,sell,131479764,1756903852330.001000
1756903852.9452353,4349.54,3.4229,sell,131479765,1756903852790.136000
1756903855.226632,4349.54,0.0196,sell,131479766,1756903855076.840000
1756903855.5059016,4349.54,0.002,sell,131479767,1756903855356.940000
1756903855.5059016,4349.54,0.004,sell,131479768,1756903855357.463000
1756903856.2342765,4349.5,0.002,sell,131479769,1756903856084.994000
1756903856.2347822,4349.5,0.085,sell,131479770,1756903856085.006000
1756903856.711918,4349.46,3.1138,sell,131479771,1756903856561.791000
1756903857.9693406,4349.46,1.9539,sell,131479772,1756903857817.059000
1756903859.06788,4349.47,0.0631,buy,131479773,1756903858918.195000
1756903859.06788,4349.47,0.0799,buy,131479774,1756903858918.204000
1756903859.06788,4349.47,0.0548,buy,131479775,1756903858918.235000
1756903859.0878634,4349.47,0.0302,buy,131479776,1756903858937.266000
1756903859.0878634,4349.47,0.0343,buy,131479777,1756903858937.275000
1756903859.0878634,4349.47,0.133,buy,131479778,1756903858937.281000
1756903859.229248,4349.46,3.251,sell,131479779,1756903859080.929000
1756903860.4694254,4349.47,2.5511,buy,131479780,1756903860319.334000
1756903860.5919263,4349.47,0.0143,buy,131479781,1756903860442.006000
1756903860.5919263,4349.47,0.5379,buy,131479782,1756903860442.012000
1756903860.6127334,4349.52,0.0287,buy,131479783,1756903860462.452000
1756903860.6369352,4349.55,0.036,buy,131479784,1756903860483.637000
1756903860.6369352,4349.55,0.022,buy,131479785,1756903860483.847000
1756903860.6369352,4349.55,0.067,buy,131479786,1756903860484.167000
1756903860.6369352,4349.55,0.027,buy,131479787,1756903860488.607000
1756903860.6447375,4349.55,0.125,buy,131479788,1756903860494.182000
1756903860.6447375,4349.55,0.025,buy,131479789,1756903860494.400000
1756903860.6457455,4349.55,0.058,buy,131479790,1756903860494.899000
1756903860.6457455,4349.55,0.002,buy,131479791,1756903860494.906000
1756903860.6457455,4349.58,0.023,buy,131479792,1756903860494.917000
1756903860.6457455,4349.59,0.004,buy,131479793,1756903860494.927000
1756903860.6859543,4349.67,0.008,buy,131479794,1756903860538.129000
1756903860.6859543,4349.67,0.5447,buy,131479795,1756903860538.153000
1756903861.6887195,4349.83,0.0022,buy,131479796,1756903861540.285000
1756903861.725397,4349.83,3.5558,buy,131479797,1756903861573.117000
1756903862.1667633,4349.82,0.199,sell,131479798,1756903862015.891000
1756903862.2326167,4349.82,0.0143,sell,131479799,1756903862083.169000
1756903862.233435,4349.82,0.104,sell,131479800,1756903862083.176000
1756903862.2949455,4349.65,0.9757,buy,131479801,1756903862143.114000
1756903862.2959826,4349.65,0.5099,buy,131479802,1756903862143.120000
1756903862.2959826,4349.65,1.5404,buy,131479803,1756903862143.128000
1756903862.2970173,4349.65,0.0799,buy,131479804,1756903862143.148000
1756903862.2970173,4349.65,0.0799,buy,131479805,1756903862143.154000
1756903862.2977598,4349.65,0.04,buy,131479806,1756903862143.159000
1756903862.2977598,4349.65,0.02,buy,131479807,1756903862143.166000
1756903862.2982814,4349.65,0.0799,buy,131479808,1756903862143.178000
1756903862.298803,4349.65,0.0799,buy,131479809,1756903862143.183000
1756903862.298803,4349.65,0.0799,buy,131479810,1756903862143.189000
1756903862.2993243,4349.65,0.0799,buy,131479811,1756903862143.219000
1756903862.2993243,4349.65,0.104,buy,131479812,1756903862143.224000
1756903862.2998416,4349.65,0.0799,buy,131479813,1756903862143.228000
1756903862.2998416,4349.65,0.0799,buy,131479814,1756903862143.233000
1756903862.300357,4349.65,0.36,buy,131479815,1756903862143.269000
1756903862.300357,4349.65,0.0243,buy,131479816,1756903862143.275000
1756903862.6183152,4349.75,0.5031,buy,131479817,1756903862469.244000
1756903862.6186256,4349.75,0.104,buy,131479818,1756903862469.252000
1756903862.6192052,4349.75,0.4293,buy,131479819,1756903862469.258000
1756903862.624457,4349.75,0.1463,buy,131479820,1756903862474.453000
1756903862.6377563,4349.75,0.1463,buy,131479821,1756903862475.850000
1756903864.247786,4349.75,1.8078,buy,131479822,1756903864097.529000
1756903865.5065517,4349.75,0.9143,buy,131479823,1756903865355.816000
1756903865.7127163,4349.75,0.0143,buy,131479824,1756903865563.470000
1756903865.7127163,4349.75,0.0048,buy,131479825,1756903865563.481000
1756903865.7137501,4349.75,0.0435,buy,131479826,1756903865563.494000
1756903865.71427,4349.75,0.4561,buy,131479827,1756903865564.181000
1756903865.7158184,4349.79,0.002,buy,131479828,1756903865565.468000
1756903865.7163413,4349.83,0.004,buy,131479829,1756903865565.495000
1756903865.7225575,4349.91,0.004,buy,131479830,1756903865567.765000
1756903865.7230759,4349.91,0.004,buy,131479831,1756903865567.773000
1756903865.723594,4350.07,0.002,buy,131479832,1756903865574.749000
1756903865.725123,4350.07,0.014,buy,131479833,1756903865575.422000
1756903865.7604449,4350.17,0.023,buy,131479834,1756903865610.599000
1756903865.7604449,4350.17,0.4504,buy,131479835,1756903865610.638000
1756903865.7642722,4350.17,0.014,buy,131479836,1756903865613.521000
1756903866.1488645,4350.39,0.032,buy,131479837,1756903865997.611000
1756903866.1488645,4350.5,0.0034,buy,131479838,1756903865997.624000
1756903866.6843657,4350.5,0.0091,buy,131479839,1756903866533.800000
1756903866.6843657,4350.51,0.0075,buy,131479840,1756903866533.818000
1756903866.7187576,4350.53,0.002,buy,131479841,1756903866568.742000
1756903866.7187576,4350.57,0.004,buy,131479842,1756903866568.966000
1756903866.7296453,4350.62,0.011,buy,131479843,1756903866579.554000
1756903866.8745065,4350.65,0.023,buy,131479844,1756903866725.043000
1756903866.8745065,4350.65,0.008,buy,131479845,1756903866725.053000
1756903866.8750143,4350.65,0.577,buy,131479846,1756903866725.069000
1756903866.8765602,4350.7,0.023,buy,131479847,1756903866726.403000
1756903866.8765602,4350.78,1.8613,buy,131479848,1756903866726.726000
1756903866.8770669,4350.78,0.2297,buy,131479849,1756903866728.260000
1756903866.8841822,4350.78,0.0036,buy,131479850,1756903866731.680000
1756903866.8862715,4350.78,0.2482,buy,131479851,1756903866732.230000
1756903866.8862715,4350.81,0.0115,buy,131479852,1756903866734.256000
1756903866.8862715,4350.81,0.0045,buy,131479853,1756903866735.155000
1756903867.9979842,4351.02,5.0782,buy,131479854,1756903867847.643000
1756903869.2685175,4351.02,2.1524,buy,131479855,1756903869118.652000
1756903869.4980736,4351.01,0.0235,sell,131479856,1756903869348.453000
1756903870.4248676,4351.02,0.0023,buy,131479857,1756903870275.227000
1756903870.5103283,4351.02,4.9388,buy,131479858,1756903870359.930000
1756903871.7685106,4351.02,1.0606,buy,131479859,1756903871613.549000
1756903873.0207489,4351.02,3.3133,buy,131479860,1756903872869.532000
1756903873.3961508,4351.02,0.0297,buy,131479861,1756903873243.627000
1756903873.3966744,4351.02,0.104,buy,131479862,1756903873243.636000
1756903873.3971875,4351.02,0.1002,buy,131479863,1756903873243.649000
1756903873.3982432,4351.02,1.5436,buy,131479864,1756903873243.657000
1756903873.3987617,4351.02,0.3218,buy,131479865,1756903873243.664000
1756903873.3987617,4351.02,0.003,buy,131479866,1756903873243.670000
1756903873.4003315,4351.02,0.4169,buy,131479867,1756903873243.703000
1756903873.4003315,4351.06,0.002,buy,131479868,1756903873246.722000
1756903873.4003315,4351.1,0.004,buy,131479869,1756903873247.468000
1756903873.402398,4351.18,0.008,buy,131479870,1756903873251.843000
1756903873.402398,4351.24,0.023,buy,131479871,1756903873251.853000
1756903873.402398,4351.34,0.016,buy,131479872,1756903873251.859000
1756903873.402398,4351.35,0.11,buy,131479873,1756903873251.884000
1756903873.423612,4351.47,0.023,buy,131479874,1756903873275.351000
1756903873.4276288,4351.57,0.0126,buy,131479875,1756903873276.985000
1756903873.430141,4351.64,0.011,buy,131479876,1756903873277.006000
1756903873.430141,4351.64,0.023,buy,131479877,1756903873277.013000
1756903873.430141,4351.66,0.0139,buy,131479878,1756903873277.020000
1756903874.0575204,4351.65,0.7783,sell,131479879,1756903873907.989000
1756903874.259089,4351.65,0.1974,sell,131479880,1756903874107.004000
1756903874.259089,4351.65,0.0799,sell,131479881,1756903874107.014000
1756903874.259089,4351.65,0.0798,sell,131479882,1756903874107.024000
1756903874.259089,4351.65,0.0799,sell,131479883,1756903874107.030000
1756903874.2595937,4351.65,0.0799,sell,131479884,1756903874107.035000
1756903874.2606418,4351.65,0.0799,sell,131479885,1756903874107.041000
1756903874.2606418,4351.65,0.0236,sell,131479886,1756903874107.048000
1756903874.2772875,4351.66,1.9436,buy,131479887,1756903874127.514000
1756903874.5076363,4351.65,0.0164,sell,131479888,1756903874357.862000
1756903874.5086796,4351.65,0.104,sell,131479889,1756903874357.870000
1756903874.5097206,4351.65,0.0799,sell,131479890,1756903874357.876000
1756903874.5097206,4351.65,0.2988,sell,131479891,1756903874357.882000
1756903874.5107424,4351.65,0.2854,sell,131479892,1756903874359.562000
1756903874.5112584,4351.65,0.0799,sell,131479893,1756903874359.571000
1756903874.5117795,4351.65,0.1,sell,131479894,1756903874359.577000
1756903874.5123026,4351.65,0.0281,sell,131479895,1756903874359.582000
1756903874.6019497,4351.65,0.0518,sell,131479896,1756903874451.946000
1756903874.6024656,4351.65,0.0199,sell,131479897,1756903874451.965000
1756903874.6029818,4351.65,0.0799,sell,131479898,1756903874451.972000
1756903874.6029818,4351.65,0.3061,sell,131479899,1756903874451.979000
1756903876.779934,4351.65,1.7383,sell,131479900,1756903876633.910000
1756903877.999011,4351.66,0.0035,buy,131479901,1756903877851.551000
1756903878.079915,4351.65,0.0539,sell,131479902,1756903877929.296000
1756903878.079915,4351.65,0.3972,sell,131479903,1756903877929.305000
1756903878.088889,4351.66,3.1353,buy,131479904,1756903877938.833000
1756903878.2197409,4351.65,0.1282,sell,131479905,1756903878064.871000
1756903878.2617967,4351.65,0.2676,sell,131479906,1756903878112.126000
1756903879.298629,4351.65,4.0621,sell,131479907,1756903879143.060000
1756903880.5780196,4351.65,3.2781,sell,131479908,1756903880427.874000
1756903880.5935028,4351.65,0.0654,sell,131479909,1756903880442.061000
1756903880.6666894,4351.65,0.0606,sell,131479910,1756903880515.069000
1756903880.6666894,4351.65,0.0143,sell,131479911,1756903880515.078000
1756903880.9616966,4351.42,0.0019,sell,131479912,1756903880812.235000
1756903880.9616966,4351.42,0.0125,sell,131479913,1756903880812.247000
1756903881.8028119,4351.42,0.7117,sell,131479914,1756903881653.035000
1756903883.542818,4351.43,0.0143,buy,131479915,1756903883393.487000
1756903883.5438247,4351.43,0.002,buy,131479916,1756903883393.493000
1756903884.1139793,4351.47,0.002,buy,131479917,1756903883964.404000
1756903884.1139793,4351.47,0.0229,buy,131479918,1756903883964.418000
1756903884.1147516,4351.47,0.4618,buy,131479919,1756903883964.445000
1756903884.1147516,4351.47,0.104,buy,131479920,1756903883964.450000
1756903884.1147516,4351.48,0.4317,buy,131479921,1756903883964.455000
1756903884.1147516,4351.51,0.004,buy,131479922,1756903883964.462000
1756903885.5676513,4351.59,0.1526,buy,131479923,1756903885417.437000
1756903886.784648,4351.59,0.0229,buy,131479924,1756903886632.561000
1756903886.784648,4351.59,0.0811,buy,131479925,1756903886632.568000
1756903886.8300958,4351.59,0.008,buy,131479926,1756903886679.162000
1756903886.8306222,4351.59,0.0229,buy,131479927,1756903886679.170000
1756903886.8379517,4351.63,0.002,buy,131479928,1756903886687.088000
1756903886.8679383,4351.67,0.004,buy,131479929,1756903886722.513000
1756903886.8732972,4351.75,0.008,buy,131479930,1756903886723.775000
1756903887.9187605,4351.8,0.2176,sell,131479931,1756903887768.563000
1756903887.9187605,4351.8,0.121,sell,131479932,1756903887768.794000
1756903887.9284494,4351.8,0.018,sell,131479933,1756903887777.103000
1756903887.9284494,4351.8,0.0071,sell,131479934,1756903887777.110000
1756903887.9315681,4351.71,0.02,sell,131479935,1756903887781.195000
1756903887.9378202,4351.7,0.002,sell,131479936,1756903887787.722000
1756903887.975304,4351.66,0.002,sell,131479937,1756903887826.478000
1756903887.9758213,4351.66,0.103,sell,131479938,1756903887826.493000
1756903888.0771785,4351.62,3.9898,sell,131479939,1756903887927.198000
1756903888.4409263,4351.62,0.004,sell,131479940,1756903888291.425000
1756903888.4414425,4351.62,0.104,sell,131479941,1756903888291.443000
1756903888.4414425,4351.62,0.0342,sell,131479942,1756903888291.463000
1756903888.4429848,4351.54,0.008,sell,131479943,1756903888293.455000
1756903889.334325,4351.38,4.6214,sell,131479944,1756903889182.981000
1756903890.5884929,4351.38,3.6445,sell,131479945,1756903890437.162000
1756903890.7226,4351.38,0.04,sell,131479946,1756903890571.760000
1756903891.7254176,4351.38,0.104,sell,131479947,1756903891576.409000
1756903891.7254176,4351.38,0.1989,sell,131479948,1756903891576.419000
1756903891.8628416,4351.38,3.8837,sell,131479949,1756903891713.092000
1756903892.713362,4351.39,0.5705,buy,131479950,1756903892564.026000
1756903892.7143686,4351.39,0.0072,buy,131479951,1756903892564.043000
1756903892.7148728,4351.39,0.1,buy,131479952,1756903892564.065000
1756903892.7148728,4351.39,0.103,buy,131479953,1756903892564.072000
1756903892.7154002,4351.39,0.104,buy,131479954,1756903892564.079000
1756903892.7154002,4351.39,0.0799,buy,131479955,1756903892564.086000
1756903892.7154002,4351.39,0.0627,buy,131479956,1756903892564.092000
1756903892.7191045,4351.39,0.1463,buy,131479957,1756903892569.268000
1756903893.0986955,4351.38,2.6983,sell,131479958,1756903892950.624000
1756903894.3713734,4351.38,0.0168,sell,131479959,1756903894222.361000
1756903894.993004,4351.39,0.5705,buy,131479960,1756903894843.101000
1756903894.99353,4351.39,0.022,buy,131479961,1756903894843.127000
1756903894.9940565,4351.39,0.0199,buy,131479962,1756903894843.133000
1756903894.9940565,4351.39,0.0343,buy,131479963,1756903894843.140000
1756903895.3956444,4351.55,0.0115,buy,131479964,1756903895245.803000
1756903895.3956444,4351.55,0.0115,buy,131479965,1756903895246.211000
1756903895.4000115,4351.55,0.1959,buy,131479966,1756903895249.658000
1756903895.4005363,4351.55,0.0799,buy,131479967,1756903895249.998000
1756903895.4020824,4351.55,0.0799,buy,131479968,1756903895250.026000
1756903895.4020824,4351.55,0.0799,buy,131479969,1756903895250.030000
1756903895.4158604,4351.58,0.013,buy,131479970,1756903895266.019000
1756903895.4502683,4351.58,0.005,buy,131479971,1756903895299.878000
1756903895.4513068,4351.58,0.01,buy,131479972,1756903895301.590000
1756903895.4579475,4351.58,0.064,buy,131479973,1756903895308.335000
1756903895.5220215,4351.58,0.008,buy,131479974,1756903895368.792000
1756903895.5780985,4351.59,0.002,buy,131479975,1756903895428.093000
1756903895.6075935,4351.63,0.6447,buy,131479976,1756903895457.791000
1756903897.7332094,4351.63,0.004,buy,131479977,1756903897583.513000
1756903897.7332094,4351.63,0.0799,buy,131479978,1756903897583.523000
1756903897.7332094,4351.63,0.0775,buy,131479979,1756903897583.529000
1756903898.8820014,4351.6,0.002,sell,131479980,1756903898731.409000
1756903898.8820014,4351.6,0.5747,sell,131479981,1756903898731.429000
1756903898.8820014,4351.6,0.0229,sell,131479982,1756903898731.436000
1756903898.889791,4351.6,0.103,sell,131479983,1756903898738.035000
1756903898.8903124,4351.56,0.002,sell,131479984,1756903898744.695000
1756903898.9002788,4351.56,0.06,sell,131479985,1756903898749.827000
1756903898.9007998,4351.56,0.045,sell,131479986,1756903898750.994000
1756903898.9102645,4351.53,0.0144,sell,131479987,1756903898761.822000
1756903898.9175406,4351.53,0.0429,sell,131479988,1756903898764.304000
1756903898.9175406,4351.53,0.008,sell,131479989,1756903898765.176000
1756903898.9175406,4351.53,0.4046,sell,131479990,1756903898765.329000
1756903898.9175406,4351.52,0.002,sell,131479991,1756903898765.340000
1756903898.9175406,4351.52,0.002,sell,131479992,1756903898765.349000
1756903898.924278,4351.44,0.008,sell,131479993,1756903898774.182000
1756903898.9253206,4351.39,0.4891,sell,131479994,1756903898774.189000
1756903898.9300504,4351.28,0.016,sell,131479995,1756903898779.931000
1756903899.2764208,4351.05,0.104,sell,131479996,1756903899123.452000
1756903899.2764208,4351.05,0.009,sell,131479997,1756903899123.457000
1756903899.3681753,4351.05,3.0517,sell,131479998,1756903899223.036000
1756903900.0842052,4351.05,0.0343,sell,131479999,1756903899934.819000
1756903900.0847158,4351.05,0.0666,sell,131480000,1756903899934.829000
1756903900.3482566,4351.05,0.104,sell,131480001,1756903900195.257000
1756903900.3482566,4351.05,0.018,sell,131480002,1756903900195.264000
1756903900.3482566,4351.05,0.0229,sell,131480003,1756903900195.273000
1756903900.3498263,4351.05,0.0133,sell,131480004,1756903900195.278000
1756903900.3498263,4351.04,0.0181,sell,131480005,1756903900195.284000
1756903901.1990426,4351.06,0.04,buy,131480006,1756903901048.980000
1756903901.1990426,4351.06,0.0797,buy,131480007,1756903901049.014000
1756903901.2251039,4351.05,0.0229,sell,131480008,1756903901075.135000
1756903901.2251039,4351.05,0.0861,sell,131480009,1756903901075.163000
1756903901.65651,4351.05,0.0115,sell,131480010,1756903901507.303000
1756903901.659196,4351.05,0.0115,sell,131480011,1756903901507.571000
1756903901.659196,4351.05,0.0115,sell,131480012,1756903901507.701000
1756903901.6597228,4351.05,0.0115,sell,131480013,1756903901507.785000
1756903901.660242,4351.05,0.0799,sell,131480014,1756903901510.065000
1756903901.6607566,4351.05,0.006,sell,131480015,1756903901510.133000
1756903901.6623123,4351.01,0.002,sell,131480016,1756903901510.142000
1756903901.9002934,4350.97,0.8247,sell,131480017,1756903901749.810000
1756903902.1280177,4350.97,0.004,sell,131480018,1756903901977.496000
1756903902.1280177,4350.97,0.2534,sell,131480019,1756903901977.556000
1756903902.4181468,4350.97,0.2914,sell,131480020,1756903902267.556000
1756903902.4331026,4350.97,0.0229,sell,131480021,1756903902282.235000
1756903902.4331026,4350.89,0.008,sell,131480022,1756903902282.246000
1756903904.0020707,4350.73,0.027,sell,131480023,1756903903853.803000
1756903904.0081453,4350.73,0.0799,sell,131480024,1756903903856.094000
1756903904.0081453,4350.73,0.0799,sell,131480025,1756903903856.099000
1756903904.0081453,4350.73,0.0799,sell,131480026,1756903903856.105000
1756903904.0081453,4350.73,0.099,sell,131480027,1756903903856.132000
1756903904.0081453,4350.73,0.3011,sell,131480028,1756903903856.138000
1756903904.0086918,4350.73,0.25,sell,131480029,1756903903856.143000
1756903904.0086918,4350.73,0.114,sell,131480030,1756903903856.152000
1756903904.0086918,4350.73,0.018,sell,131480031,1756903903856.158000
1756903904.0096998,4350.73,0.0799,sell,131480032,1756903903856.165000
1756903904.4039395,4350.73,1.6867,sell,131480033,1756903904253.236000
1756903905.6483397,4350.73,5.4623,sell,131480034,1756903905500.086000
1756903906.1554046,4350.72,0.002,sell,131480035,1756903906002.538000
1756903906.1590228,4350.68,0.002,sell,131480036,1756903906010.185000
1756903906.903075,4350.64,3.5033,sell,131480037,1756903906753.456000
1756903907.7075481,4350.65,0.0022,buy,131480038,1756903907557.099000
1756903908.1651268,4350.64,0.004,sell,131480039,1756903908015.789000
1756903908.1651268,4350.64,0.0144,sell,131480040,1756903908015.821000
1756903908.214594,4350.64,4.4549,sell,131480041,1756903908050.033000
1756903908.4019303,4350.64,0.0229,sell,131480042,1756903908251.652000
1756903908.4019303,4350.64,0.002,sell,131480043,1756903908251.660000
1756903909.2921083,4350.62,0.011,sell,131480044,1756903909141.575000
1756903909.4169872,4350.6,5.5279,sell,131480045,1756903909266.652000
1756903909.8568351,4350.6,0.002,sell,131480046,1756903909707.029000
1756903909.8568351,4350.58,0.002,sell,131480047,1756903909707.046000
1756903909.8568351,4350.57,0.1581,sell,131480048,1756903909707.054000
1756903909.8568351,4350.57,0.165,sell,131480049,1756903909708.346000
1756903909.8593433,4350.57,0.1419,sell,131480050,1756903909708.849000
1756903910.6707103,4350.54,0.0731,sell,131480051,1756903910521.810000
